%YAML 1.1
%TAG !u! tag:unity3d.com,2011:
--- !u!1 &1723516877
GameObject:
  m_ObjectHideFlags: 0
  m_CorrespondingSourceObject: {fileID: 0}
  m_PrefabInstance: {fileID: 0}
  m_PrefabAsset: {fileID: 0}
  serializedVersion: 6
  m_Component:
  - component: {fileID: 1723516878}
  - component: {fileID: 1723516879}
  m_Layer: 22
  m_Name: Point Light
  m_TagString: Untagged
  m_Icon: {fileID: 0}
  m_NavMeshLayer: 0
  m_StaticEditorFlags: 0
  m_IsActive: 1
--- !u!4 &1723516878
Transform:
  m_ObjectHideFlags: 0
  m_CorrespondingSourceObject: {fileID: 0}
  m_PrefabInstance: {fileID: 0}
  m_PrefabAsset: {fileID: 0}
  m_GameObject: {fileID: 1723516877}
  m_LocalRotation: {x: 0, y: 0, z: 0, w: 1}
  m_LocalPosition: {x: -0.03, y: -0, z: -0.05}
  m_LocalScale: {x: 1, y: 1, z: 1}
  m_Children: []
  m_Father: {fileID: 6169329304099425943}
  m_RootOrder: 0
  m_LocalEulerAnglesHint: {x: 0, y: 0, z: 0}
--- !u!108 &1723516879
Light:
  m_ObjectHideFlags: 0
  m_CorrespondingSourceObject: {fileID: 0}
  m_PrefabInstance: {fileID: 0}
  m_PrefabAsset: {fileID: 0}
  m_GameObject: {fileID: 1723516877}
  m_Enabled: 1
  serializedVersion: 9
  m_Type: 2
  m_Color: {r: 0.9716981, g: 0.6442205, b: 0.14208792, a: 1}
  m_Intensity: 20
  m_Range: 2.62
  m_SpotAngle: 30
  m_InnerSpotAngle: 21.80208
  m_CookieSize: 10
  m_Shadows:
    m_Type: 0
    m_Resolution: -1
    m_CustomResolution: -1
    m_Strength: 1
    m_Bias: 0.05
    m_NormalBias: 0.4
    m_NearPlane: 0.2
    m_CullingMatrixOverride:
      e00: 1
      e01: 0
      e02: 0
      e03: 0
      e10: 0
      e11: 1
      e12: 0
      e13: 0
      e20: 0
      e21: 0
      e22: 1
      e23: 0
      e30: 0
      e31: 0
      e32: 0
      e33: 1
    m_UseCullingMatrixOverride: 0
  m_Cookie: {fileID: 0}
  m_DrawHalo: 0
  m_Flare: {fileID: 0}
  m_RenderMode: 0
  m_CullingMask:
    serializedVersion: 2
    m_Bits: 4294967295
  m_RenderingLayerMask: 1
  m_Lightmapping: 4
  m_LightShadowCasterMode: 0
  m_AreaSize: {x: 1, y: 1}
  m_BounceIntensity: 1
  m_ColorTemperature: 6570
  m_UseColorTemperature: 0
  m_BoundingSphereOverride: {x: 0, y: 0, z: 0, w: 0}
  m_UseBoundingSphereOverride: 0
  m_ShadowRadius: 0
  m_ShadowAngle: 0
--- !u!1 &6169329303168180800
GameObject:
  m_ObjectHideFlags: 0
  m_CorrespondingSourceObject: {fileID: 0}
  m_PrefabInstance: {fileID: 0}
  m_PrefabAsset: {fileID: 0}
  serializedVersion: 6
  m_Component:
  - component: {fileID: 6169329303168180807}
  m_Layer: 0
  m_Name: FireLantern
  m_TagString: Untagged
  m_Icon: {fileID: 0}
  m_NavMeshLayer: 0
  m_StaticEditorFlags: 0
  m_IsActive: 1
--- !u!4 &6169329303168180807
Transform:
  m_ObjectHideFlags: 0
  m_CorrespondingSourceObject: {fileID: 0}
  m_PrefabInstance: {fileID: 0}
  m_PrefabAsset: {fileID: 0}
  m_GameObject: {fileID: 6169329303168180800}
  m_LocalRotation: {x: 0, y: 0, z: 0, w: 1}
  m_LocalPosition: {x: 0.25, y: 0.97, z: 72.56}
  m_LocalScale: {x: 1, y: 1, z: 1}
  m_Children:
  - {fileID: 6169329304177911007}
  - {fileID: 6169329304282586674}
  - {fileID: 6169329303277965646}
  - {fileID: 914956559572920011}
  m_Father: {fileID: 0}
  m_RootOrder: 0
  m_LocalEulerAnglesHint: {x: 0, y: 0, z: 0}
--- !u!1 &6169329303277965647
GameObject:
  m_ObjectHideFlags: 0
  m_CorrespondingSourceObject: {fileID: 0}
  m_PrefabInstance: {fileID: 0}
  m_PrefabAsset: {fileID: 0}
  serializedVersion: 6
  m_Component:
  - component: {fileID: 6169329303277965646}
  - component: {fileID: 6169329303277965644}
  - component: {fileID: 6169329303277965645}
  - component: {fileID: 5757745257401055515}
  - component: {fileID: 6993482064681467268}
  - component: {fileID: 9009117573630666334}
  m_Layer: 16
  m_Name: HitDetect
  m_TagString: Interactable
  m_Icon: {fileID: 0}
  m_NavMeshLayer: 0
  m_StaticEditorFlags: 0
  m_IsActive: 1
--- !u!4 &6169329303277965646
Transform:
  m_ObjectHideFlags: 0
  m_CorrespondingSourceObject: {fileID: 0}
  m_PrefabInstance: {fileID: 0}
  m_PrefabAsset: {fileID: 0}
  m_GameObject: {fileID: 6169329303277965647}
  m_LocalRotation: {x: 0, y: 0, z: 0, w: 1}
  m_LocalPosition: {x: -0.34899998, y: 0, z: 0}
  m_LocalScale: {x: 1, y: 1, z: 1}
  m_Children:
  - {fileID: 6245286250688703175}
  m_Father: {fileID: 6169329303168180807}
  m_RootOrder: 2
  m_LocalEulerAnglesHint: {x: 0, y: 0, z: 0}
--- !u!65 &6169329303277965644
BoxCollider:
  m_ObjectHideFlags: 0
  m_CorrespondingSourceObject: {fileID: 0}
  m_PrefabInstance: {fileID: 0}
  m_PrefabAsset: {fileID: 0}
  m_GameObject: {fileID: 6169329303277965647}
  m_Material: {fileID: 0}
  m_IsTrigger: 1
  m_Enabled: 1
  serializedVersion: 2
  m_Size: {x: 0.41815385, y: 1.5390499, z: 0.35486603}
  m_Center: {x: -0.027637824, y: 1.7514046, z: -0.0063056946}
--- !u!114 &6169329303277965645
MonoBehaviour:
  m_ObjectHideFlags: 0
  m_CorrespondingSourceObject: {fileID: 0}
  m_PrefabInstance: {fileID: 0}
  m_PrefabAsset: {fileID: 0}
  m_GameObject: {fileID: 6169329303277965647}
  m_Enabled: 0
  m_EditorHideFlags: 0
  m_Script: {fileID: 1384774831, guid: e743331561ef77147ae48cda9bcb8209, type: 3}
  m_Name: 
  m_EditorClassIdentifier: 
  fsm:
    dataVersion: 2
    usedInTemplate: {fileID: 0}
    name: FSM
    startState: PlayerListener
    states:
    - name: PlayerListener
      description: 
      colorIndex: 0
      position:
        serializedVersion: 2
        x: 50
        y: 100
        width: 127
        height: 32
      isBreakpoint: 0
      isSequence: 0
      hideUnused: 0
      transitions:
      - fsmEvent:
          name: Cut Rope
          isSystemEvent: 0
          isGlobal: 0
        toState: CutListener
        linkStyle: 0
        linkConstraint: 0
        colorIndex: 0
      actionData:
        actionNames:
        - HutongGames.PlayMaker.Actions.TriggerEvent
        customNames:
        - 
        actionEnabled: 01
        actionIsOpen: 01
        actionStartIndex: 00000000
        actionHashCodes: 9c512400
        unityObjectParams: []
        fsmGameObjectParams:
        - useVariable: 1
          name: 
          tooltip: 
          showInInspector: 0
          networkSync: 0
          value: {fileID: 0}
        fsmOwnerDefaultParams:
        - ownerOption: 0
          gameObject:
            useVariable: 0
            name: 
            tooltip: 
            showInInspector: 0
            networkSync: 0
            value: {fileID: 0}
        animationCurveParams: []
        functionCallParams: []
        fsmTemplateControlParams: []
        fsmEventTargetParams: []
        fsmPropertyParams: []
        layoutOptionParams: []
        fsmStringParams:
        - useVariable: 0
          name: 
          tooltip: 
          showInInspector: 0
          networkSync: 0
          value: Player
        fsmObjectParams: []
        fsmVarParams: []
        fsmArrayParams: []
        fsmEnumParams: []
        fsmFloatParams: []
        fsmIntParams: []
        fsmBoolParams: []
        fsmVector2Params: []
        fsmVector3Params: []
        fsmColorParams: []
        fsmRectParams: []
        fsmQuaternionParams: []
        stringParams:
        - Cut Rope
        byteData: 00000000
        arrayParamSizes: 
        arrayParamTypes: []
        customTypeSizes: 
        customTypeNames: []
        paramDataType: 1400000007000000120000001700000013000000
        paramName:
        - gameObject
        - trigger
        - collideTag
        - sendEvent
        - storeCollider
        paramDataPos: 0000000000000000000000000000000000000000
        paramByteDataSize: 0000000004000000000000000000000000000000
    - name: Drop
      description: 
      colorIndex: 0
      position:
        serializedVersion: 2
        x: 65
        y: 239.02344
        width: 100
        height: 16
      isBreakpoint: 0
      isSequence: 0
      hideUnused: 0
      transitions: []
      actionData:
        actionNames:
        - HutongGames.PlayMaker.Actions.SetIsKinematic
        customNames:
        - 
        actionEnabled: 01
        actionIsOpen: 01
        actionStartIndex: 00000000
        actionHashCodes: 15264c01
        unityObjectParams: []
        fsmGameObjectParams: []
        fsmOwnerDefaultParams:
        - ownerOption: 1
          gameObject:
            useVariable: 0
            name: 
            tooltip: 
            showInInspector: 0
            networkSync: 0
            value: {fileID: 6169329304282586686}
        animationCurveParams: []
        functionCallParams: []
        fsmTemplateControlParams: []
        fsmEventTargetParams: []
        fsmPropertyParams: []
        layoutOptionParams: []
        fsmStringParams: []
        fsmObjectParams: []
        fsmVarParams: []
        fsmArrayParams: []
        fsmEnumParams: []
        fsmFloatParams: []
        fsmIntParams: []
        fsmBoolParams:
        - useVariable: 0
          name: 
          tooltip: 
          showInInspector: 0
          networkSync: 0
          value: 0
        fsmVector2Params: []
        fsmVector3Params: []
        fsmColorParams: []
        fsmRectParams: []
        fsmQuaternionParams: []
        stringParams: []
        byteData: 
        arrayParamSizes: 
        arrayParamTypes: []
        customTypeSizes: 
        customTypeNames: []
        paramDataType: 1400000011000000
        paramName:
        - gameObject
        - isKinematic
        paramDataPos: 0000000000000000
        paramByteDataSize: 0000000000000000
    - name: CutListener
      description: 
      colorIndex: 0
      position:
        serializedVersion: 2
        x: 57
        y: 160
        width: 106
        height: 48
      isBreakpoint: 0
      isSequence: 0
      hideUnused: 0
      transitions:
      - fsmEvent:
          name: Cut Rope
          isSystemEvent: 0
          isGlobal: 0
        toState: Drop
        linkStyle: 0
        linkConstraint: 0
        colorIndex: 0
      - fsmEvent:
          name: FINISHED
          isSystemEvent: 1
          isGlobal: 0
        toState: PlayerListener
        linkStyle: 0
        linkConstraint: 0
        colorIndex: 0
      actionData:
        actionNames:
        - HutongGames.PlayMaker.Actions.GetButtonDown
        - HutongGames.PlayMaker.Actions.TriggerEvent
        customNames:
        - 
        - 
        actionEnabled: 0101
        actionIsOpen: 0101
        actionStartIndex: 0000000003000000
        actionHashCodes: 1012c1009c512400
        unityObjectParams: []
        fsmGameObjectParams:
        - useVariable: 1
          name: 
          tooltip: 
          showInInspector: 0
          networkSync: 0
          value: {fileID: 0}
        fsmOwnerDefaultParams:
        - ownerOption: 0
          gameObject:
            useVariable: 0
            name: 
            tooltip: 
            showInInspector: 0
            networkSync: 0
            value: {fileID: 0}
        animationCurveParams: []
        functionCallParams: []
        fsmTemplateControlParams: []
        fsmEventTargetParams: []
        fsmPropertyParams: []
        layoutOptionParams: []
        fsmStringParams:
        - useVariable: 0
          name: 
          tooltip: 
          showInInspector: 0
          networkSync: 0
          value: Fire1
        - useVariable: 0
          name: 
          tooltip: 
          showInInspector: 0
          networkSync: 0
          value: Player
        fsmObjectParams: []
        fsmVarParams: []
        fsmArrayParams: []
        fsmEnumParams: []
        fsmFloatParams: []
        fsmIntParams: []
        fsmBoolParams:
        - useVariable: 1
          name: 
          tooltip: 
          showInInspector: 0
          networkSync: 0
          value: 0
        fsmVector2Params: []
        fsmVector3Params: []
        fsmColorParams: []
        fsmRectParams: []
        fsmQuaternionParams: []
        stringParams:
        - Cut Rope
        - FINISHED
        byteData: 02000000
        arrayParamSizes: 
        arrayParamTypes: []
        customTypeSizes: 
        customTypeNames: []
        paramDataType: 1200000017000000110000001400000007000000120000001700000013000000
        paramName:
        - buttonName
        - sendEvent
        - storeResult
        - gameObject
        - trigger
        - collideTag
        - sendEvent
        - storeCollider
        paramDataPos: 0000000000000000000000000000000000000000010000000100000000000000
        paramByteDataSize: 0000000000000000000000000000000004000000000000000000000000000000
    events:
    - name: FINISHED
      isSystemEvent: 1
      isGlobal: 0
    - name: Cut Rope
      isSystemEvent: 0
      isGlobal: 0
    globalTransitions: []
    variables:
      floatVariables: []
      intVariables: []
      boolVariables: []
      stringVariables: []
      vector2Variables: []
      vector3Variables: []
      colorVariables: []
      rectVariables: []
      quaternionVariables: []
      gameObjectVariables: []
      objectVariables: []
      materialVariables: []
      textureVariables: []
      arrayVariables: []
      enumVariables: []
      categories:
      - 
      variableCategoryIDs: 
    description: 
    docUrl: 
    showStateLabel: 0
    maxLoopCount: 0
    watermark: 
    password: 
    locked: 0
    manualUpdate: 0
    keepDelayedEventsOnStateExit: 0
    preprocessed: 0
    ExposedEvents: []
    RestartOnEnable: 1
    EnableDebugFlow: 0
    EnableBreakpoints: 1
    editorFlags: 1
    activeStateName: 
    mouseEvents: 0
    handleLevelLoaded: 0
    handleTriggerEnter2D: 0
    handleTriggerExit2D: 0
    handleTriggerStay2D: 0
    handleCollisionEnter2D: 0
    handleCollisionExit2D: 0
    handleCollisionStay2D: 0
    handleTriggerEnter: 0
    handleTriggerExit: 0
    handleTriggerStay: 0
    handleCollisionEnter: 0
    handleCollisionExit: 0
    handleCollisionStay: 0
    handleParticleCollision: 0
    handleControllerColliderHit: 0
    handleJointBreak: 0
    handleJointBreak2D: 0
    handleOnGUI: 0
    handleFixedUpdate: 0
    handleLateUpdate: 0
    handleApplicationEvents: 0
    handleUiEvents: 0
    handleLegacyNetworking: 0
    handleAnimatorMove: 0
    handleAnimatorIK: 0
  fsmTemplate: {fileID: 0}
  eventHandlerComponentsAdded: 1
--- !u!114 &5757745257401055515
MonoBehaviour:
  m_ObjectHideFlags: 0
  m_CorrespondingSourceObject: {fileID: 0}
  m_PrefabInstance: {fileID: 0}
  m_PrefabAsset: {fileID: 0}
  m_GameObject: {fileID: 6169329303277965647}
  m_Enabled: 1
  m_EditorHideFlags: 0
  m_Script: {fileID: 82786459, guid: e743331561ef77147ae48cda9bcb8209, type: 3}
  m_Name: 
  m_EditorClassIdentifier: 
  TargetFSMs:
  - {fileID: 6169329303277965645}
--- !u!114 &6993482064681467268
MonoBehaviour:
  m_ObjectHideFlags: 0
  m_CorrespondingSourceObject: {fileID: 0}
  m_PrefabInstance: {fileID: 0}
  m_PrefabAsset: {fileID: 0}
  m_GameObject: {fileID: 6169329303277965647}
  m_Enabled: 1
  m_EditorHideFlags: 0
  m_Script: {fileID: 1144467388, guid: e743331561ef77147ae48cda9bcb8209, type: 3}
  m_Name: 
  m_EditorClassIdentifier: 
  TargetFSMs:
  - {fileID: 6169329303277965645}
--- !u!114 &9009117573630666334
MonoBehaviour:
  m_ObjectHideFlags: 0
  m_CorrespondingSourceObject: {fileID: 0}
  m_PrefabInstance: {fileID: 0}
  m_PrefabAsset: {fileID: 0}
  m_GameObject: {fileID: 6169329303277965647}
  m_Enabled: 1
  m_EditorHideFlags: 0
  m_Script: {fileID: 1384774831, guid: e743331561ef77147ae48cda9bcb8209, type: 3}
  m_Name: 
  m_EditorClassIdentifier: 
  fsm:
    dataVersion: 2
    usedInTemplate: {fileID: 0}
    name: FSM 2
    startState: Get Owner Info
    states:
    - name: Get Owner Info
      description: 
      colorIndex: 0
      position:
        serializedVersion: 2
        x: 64.921875
        y: 113.796875
        width: 133
        height: 32
      isBreakpoint: 0
      isSequence: 0
      hideUnused: 0
      transitions:
      - fsmEvent:
          name: FINISHED
          isSystemEvent: 1
          isGlobal: 0
        toState: Listener
        linkStyle: 0
        linkConstraint: 0
        colorIndex: 0
      actionData:
        actionNames:
        - HutongGames.PlayMaker.Actions.GetChild
        - HutongGames.PlayMaker.Actions.GetOwner
        - HutongGames.PlayMaker.Actions.GetFsmVariable
        - HutongGames.PlayMaker.Actions.GetTag
        - HutongGames.PlayMaker.Actions.GetName
        customNames:
        - 
        - 
        - 
        - 
        - 
        actionEnabled: 0101010101
        actionIsOpen: 0000000000
        actionStartIndex: 000000000400000005000000090000000c000000
        actionHashCodes: 184b57045c0045052910c80271c75a0371c75a03
        unityObjectParams: []
        fsmGameObjectParams:
        - useVariable: 1
          name: healthPrefab
          tooltip: 
          showInInspector: 0
          networkSync: 0
          value: {fileID: 0}
        - useVariable: 1
          name: ownerObj
          tooltip: 
          showInInspector: 0
          networkSync: 0
          value: {fileID: 0}
        - useVariable: 1
          name: ownerObj
          tooltip: 
          showInInspector: 0
          networkSync: 0
          value: {fileID: 0}
        - useVariable: 1
          name: ownerObj
          tooltip: 
          showInInspector: 0
          networkSync: 0
          value: {fileID: 0}
        fsmOwnerDefaultParams:
        - ownerOption: 0
          gameObject:
            useVariable: 0
            name: 
            tooltip: 
            showInInspector: 0
            networkSync: 0
            value: {fileID: 0}
        - ownerOption: 1
          gameObject:
            useVariable: 1
            name: healthPrefab
            tooltip: 
            showInInspector: 0
            networkSync: 0
            value: {fileID: 0}
        animationCurveParams: []
        functionCallParams: []
        fsmTemplateControlParams: []
        fsmEventTargetParams: []
        fsmPropertyParams: []
        layoutOptionParams: []
        fsmStringParams:
        - useVariable: 0
          name: 
          tooltip: 
          showInInspector: 0
          networkSync: 0
          value: Health
        - useVariable: 0
          name: 
          tooltip: 
          showInInspector: 0
          networkSync: 0
          value: Untagged
        - useVariable: 0
          name: 
          tooltip: 
          showInInspector: 0
          networkSync: 0
          value: Health
        - useVariable: 1
          name: ownerTag
          tooltip: 
          showInInspector: 0
          networkSync: 0
          value: 
        - useVariable: 1
          name: ownerName
          tooltip: 
          showInInspector: 0
          networkSync: 0
          value: 
        fsmObjectParams: []
        fsmVarParams:
        - variableName: HP
          objectType: UnityEngine.Object
          useVariable: 1
          type: 0
          floatValue: 0
          intValue: 0
          boolValue: 0
          stringValue: 
          vector4Value: {x: 0, y: 0, z: 0, w: 0}
          objectReference: {fileID: 0}
          arrayValue:
            useVariable: 0
            name: 
            tooltip: 
            showInInspector: 0
            networkSync: 0
            type: -1
            objectTypeName: 
            floatValues: []
            intValues: 
            boolValues: 
            stringValues: []
            vector4Values: []
            objectReferences: []
        fsmArrayParams: []
        fsmEnumParams: []
        fsmFloatParams: []
        fsmIntParams: []
        fsmBoolParams: []
        fsmVector2Params: []
        fsmVector3Params: []
        fsmColorParams: []
        fsmRectParams: []
        fsmQuaternionParams: []
        stringParams: []
        byteData: 000000
        arrayParamSizes: 
        arrayParamTypes: []
        customTypeSizes: 
        customTypeNames: []
        paramDataType: 140000001200000012000000130000001300000014000000120000002700000001000000130000001200000001000000130000001200000001000000
        paramName:
        - gameObject
        - childName
        - withTag
        - storeResult
        - storeGameObject
        - gameObject
        - fsmName
        - storeValue
        - everyFrame
        - gameObject
        - storeResult
        - everyFrame
        - gameObject
        - storeName
        - everyFrame
        paramDataPos: 000000000000000001000000000000000100000001000000020000000000000000000000020000000300000001000000030000000400000002000000
        paramByteDataSize: 000000000000000000000000000000000000000000000000000000000000000001000000000000000000000001000000000000000000000001000000
    - name: Take Damage
      description: 
      colorIndex: 0
      position:
        serializedVersion: 2
        x: 315
        y: 103
        width: 120
        height: 32
      isBreakpoint: 0
      isSequence: 0
      hideUnused: 0
      transitions:
      - fsmEvent:
          name: FINISHED
          isSystemEvent: 1
          isGlobal: 0
        toState: State 3
        linkStyle: 0
        linkConstraint: 0
        colorIndex: 0
      actionData:
        actionNames:
        - HutongGames.PlayMaker.Actions.GetEventInfo
        - HutongGames.PlayMaker.Actions.FloatSubtract
        customNames:
        - 
        - 
        actionEnabled: 0101
        actionIsOpen: 0101
        actionStartIndex: 000000000f000000
        actionHashCodes: d9ade6032a6e8a00
        unityObjectParams: []
        fsmGameObjectParams:
        - useVariable: 1
          name: 
          tooltip: 
          showInInspector: 0
          networkSync: 0
          value: {fileID: 0}
        - useVariable: 1
          name: 
          tooltip: 
          showInInspector: 0
          networkSync: 0
          value: {fileID: 0}
        fsmOwnerDefaultParams: []
        animationCurveParams: []
        functionCallParams: []
        fsmTemplateControlParams: []
        fsmEventTargetParams: []
        fsmPropertyParams: []
        layoutOptionParams: []
        fsmStringParams:
        - useVariable: 1
          name: 
          tooltip: 
          showInInspector: 0
          networkSync: 0
          value: 
        - useVariable: 1
          name: 
          tooltip: 
          showInInspector: 0
          networkSync: 0
          value: 
        fsmObjectParams:
        - useVariable: 1
          name: 
          tooltip: 
          showInInspector: 0
          networkSync: 0
          typeName: 
          value: {fileID: 0}
        - useVariable: 1
          name: 
          tooltip: 
          showInInspector: 0
          networkSync: 0
          typeName: 
          value: {fileID: 0}
        - useVariable: 1
          name: 
          tooltip: 
          showInInspector: 0
          networkSync: 0
          typeName: 
          value: {fileID: 0}
        fsmVarParams: []
        fsmArrayParams: []
        fsmEnumParams: []
        fsmFloatParams:
        - useVariable: 1
          name: playerDamage
          tooltip: 
          showInInspector: 0
          networkSync: 0
          value: 0
        - useVariable: 1
          name: HP
          tooltip: 
          showInInspector: 0
          networkSync: 0
          value: 0
        - useVariable: 1
          name: playerDamage
          tooltip: 
          showInInspector: 0
          networkSync: 0
          value: 0
        fsmIntParams:
        - useVariable: 1
          name: 
          tooltip: 
          showInInspector: 0
          networkSync: 0
          value: 0
        fsmBoolParams:
        - useVariable: 1
          name: 
          tooltip: 
          showInInspector: 0
          networkSync: 0
          value: 0
        fsmVector2Params:
        - useVariable: 1
          name: 
          tooltip: 
          showInInspector: 0
          networkSync: 0
          value: {x: 0, y: 0}
        fsmVector3Params:
        - useVariable: 1
          name: 
          tooltip: 
          showInInspector: 0
          networkSync: 0
          value: {x: 0, y: 0, z: 0}
        fsmColorParams:
        - useVariable: 1
          name: 
          tooltip: 
          showInInspector: 0
          networkSync: 0
          value: {r: 0, g: 0, b: 0, a: 1}
        fsmRectParams:
        - useVariable: 1
          name: 
          tooltip: 
          showInInspector: 0
          networkSync: 0
          value:
            serializedVersion: 2
            x: 0
            y: 0
            width: 0
            height: 0
        fsmQuaternionParams:
        - useVariable: 1
          name: 
          tooltip: 
          showInInspector: 0
          networkSync: 0
          value: {x: 0, y: 0, z: 0, w: 0}
        stringParams: []
        byteData: 0000
        arrayParamSizes: 
        arrayParamTypes: []
        customTypeSizes: 
        customTypeNames: []
        paramDataType: 130000001200000011000000100000000f000000250000001c00000012000000130000001e00000023000000200000002100000019000000180000000f0000000f0000000100000001000000
        paramName:
        - sentByGameObject
        - fsmName
        - getBoolData
        - getIntData
        - getFloatData
        - getVector2Data
        - getVector3Data
        - getStringData
        - getGameObjectData
        - getRectData
        - getQuaternionData
        - getMaterialData
        - getTextureData
        - getColorData
        - getObjectData
        - floatVariable
        - subtract
        - everyFrame
        - perSecond
        paramDataPos: 00000000000000000000000000000000000000000000000000000000010000000100000000000000000000000000000001000000000000000200000001000000020000000000000001000000
        paramByteDataSize: 00000000000000000000000000000000000000000000000000000000000000000000000000000000000000000000000000000000000000000000000000000000000000000100000001000000
    - name: Listener
      description: 
      colorIndex: 0
      position:
        serializedVersion: 2
        x: 80.49219
        y: 196.19531
        width: 100
        height: 16
      isBreakpoint: 0
      isSequence: 0
      hideUnused: 0
      transitions: []
      actionData:
        actionNames: []
        customNames: []
        actionEnabled: 
        actionIsOpen: 
        actionStartIndex: 
        actionHashCodes: 
        unityObjectParams: []
        fsmGameObjectParams: []
        fsmOwnerDefaultParams: []
        animationCurveParams: []
        functionCallParams: []
        fsmTemplateControlParams: []
        fsmEventTargetParams: []
        fsmPropertyParams: []
        layoutOptionParams: []
        fsmStringParams: []
        fsmObjectParams: []
        fsmVarParams: []
        fsmArrayParams: []
        fsmEnumParams: []
        fsmFloatParams: []
        fsmIntParams: []
        fsmBoolParams: []
        fsmVector2Params: []
        fsmVector3Params: []
        fsmColorParams: []
        fsmRectParams: []
        fsmQuaternionParams: []
        stringParams: []
        byteData: 
        arrayParamSizes: 
        arrayParamTypes: []
        customTypeSizes: 
        customTypeNames: []
        paramDataType: 
        paramName: []
        paramDataPos: 
        paramByteDataSize: 
    - name: State 3
      description: 
      colorIndex: 0
      position:
        serializedVersion: 2
        x: 477.33594
        y: 119.15625
        width: 100
        height: 16
      isBreakpoint: 0
      isSequence: 0
      hideUnused: 0
      transitions: []
      actionData:
        actionNames:
        - HutongGames.PlayMaker.Actions.SendEvent
        - HutongGames.PlayMaker.Actions.SetIsKinematic
        customNames:
        - 
        - 
        actionEnabled: 0101
        actionIsOpen: 0101
        actionStartIndex: 0000000004000000
        actionHashCodes: 5e69bb0415264c01
        unityObjectParams: []
        fsmGameObjectParams: []
        fsmOwnerDefaultParams:
        - ownerOption: 1
          gameObject:
            useVariable: 0
            name: 
            tooltip: 
            showInInspector: 0
            networkSync: 0
            value: {fileID: 6169329304282586686}
        animationCurveParams: []
        functionCallParams: []
        fsmTemplateControlParams: []
        fsmEventTargetParams:
        - target: 2
          excludeSelf:
            useVariable: 0
            name: 
            tooltip: 
            showInInspector: 0
            networkSync: 0
            value: 0
          gameObject:
            ownerOption: 1
            gameObject:
              useVariable: 0
              name: 
              tooltip: 
              showInInspector: 0
              networkSync: 0
              value: {fileID: 0}
          fsmName:
            useVariable: 0
            name: 
            tooltip: 
            showInInspector: 0
            networkSync: 0
            value: SlashParticlePuzzles
          sendToChildren:
            useVariable: 0
            name: 
            tooltip: 
            showInInspector: 0
            networkSync: 0
            value: 0
          fsmComponent: {fileID: 0}
        fsmPropertyParams: []
        layoutOptionParams: []
        fsmStringParams: []
        fsmObjectParams: []
        fsmVarParams: []
        fsmArrayParams: []
        fsmEnumParams: []
        fsmFloatParams:
        - useVariable: 0
          name: 
          tooltip: 
          showInInspector: 0
          networkSync: 0
          value: 0
        fsmIntParams: []
        fsmBoolParams:
        - useVariable: 0
          name: 
          tooltip: 
          showInInspector: 0
          networkSync: 0
          value: 0
        fsmVector2Params: []
        fsmVector3Params: []
        fsmColorParams: []
        fsmRectParams: []
        fsmQuaternionParams: []
        stringParams:
        - ActivateSlash
        byteData: 00
        arrayParamSizes: 
        arrayParamTypes: []
        customTypeSizes: 
        customTypeNames: []
        paramDataType: 1f000000170000000f000000010000001400000011000000
        paramName:
        - eventTarget
        - sendEvent
        - delay
        - everyFrame
        - gameObject
        - isKinematic
        paramDataPos: 000000000000000000000000000000000000000000000000
        paramByteDataSize: 000000000000000000000000010000000000000000000000
    events:
    - name: FINISHED
      isSystemEvent: 1
      isGlobal: 0
    - name: ActivateSlash
      isSystemEvent: 0
      isGlobal: 1
    - name: DAMAGE
      isSystemEvent: 0
      isGlobal: 1
    - name: RAGDOLL
      isSystemEvent: 0
      isGlobal: 1
    globalTransitions:
    - fsmEvent:
        name: DAMAGE
        isSystemEvent: 0
        isGlobal: 1
      toState: Take Damage
      linkStyle: 0
      linkConstraint: 0
      colorIndex: 0
    variables:
      floatVariables:
      - useVariable: 1
        name: clipLength
        tooltip: 
        showInInspector: 0
        networkSync: 0
        value: 0
      - useVariable: 1
        name: cooldown
        tooltip: 
        showInInspector: 0
        networkSync: 0
        value: 0
      - useVariable: 1
        name: curLoopTime
        tooltip: 
        showInInspector: 0
        networkSync: 0
        value: 0
      - useVariable: 1
        name: HP
        tooltip: 
        showInInspector: 0
        networkSync: 0
        value: 0
      - useVariable: 1
        name: playerDamage
        tooltip: 
        showInInspector: 0
        networkSync: 0
        value: 0
      intVariables: []
      boolVariables: []
      stringVariables:
      - useVariable: 1
        name: EnemyTag
        tooltip: 
        showInInspector: 0
        networkSync: 0
        value: Enemy
      - useVariable: 1
        name: ownerName
        tooltip: 
        showInInspector: 0
        networkSync: 0
        value: 
      - useVariable: 1
        name: ownerTag
        tooltip: 
        showInInspector: 0
        networkSync: 0
        value: 
      vector2Variables: []
      vector3Variables: []
      colorVariables: []
      rectVariables: []
      quaternionVariables: []
      gameObjectVariables:
      - useVariable: 1
        name: firstChild
        tooltip: 
        showInInspector: 0
        networkSync: 0
        value: {fileID: 0}
      - useVariable: 1
        name: healthPrefab
        tooltip: 
        showInInspector: 0
        networkSync: 0
        value: {fileID: 0}
      - useVariable: 1
        name: nextChild
        tooltip: 
        showInInspector: 0
        networkSync: 0
        value: {fileID: 0}
      - useVariable: 1
        name: ownerObj
        tooltip: 
        showInInspector: 0
        networkSync: 0
        value: {fileID: 0}
      - useVariable: 1
        name: ragdoll
        tooltip: 
        showInInspector: 0
        networkSync: 0
        value: {fileID: 3680092442049839971, guid: bcf6005addfc86c4dbdf80b31cbd679e,
          type: 3}
      objectVariables:
      - useVariable: 1
        name: rigidbody
        tooltip: 
        showInInspector: 0
        networkSync: 0
        typeName: UnityEngine.Rigidbody
        value: {fileID: 0}
      materialVariables: []
      textureVariables: []
      arrayVariables: []
      enumVariables: []
      categories:
      - 
      variableCategoryIDs: 0000000000000000000000000000000000000000000000000000000000000000000000000000000000000000000000000000000000000000
    description: 
    docUrl: 
    showStateLabel: 0
    maxLoopCount: 0
    watermark: 
    password: 
    locked: 0
    manualUpdate: 0
    keepDelayedEventsOnStateExit: 0
    preprocessed: 0
    ExposedEvents: []
    RestartOnEnable: 1
    EnableDebugFlow: 0
    EnableBreakpoints: 1
    editorFlags: 1
    activeStateName: 
    mouseEvents: 0
    handleLevelLoaded: 0
    handleTriggerEnter2D: 0
    handleTriggerExit2D: 0
    handleTriggerStay2D: 0
    handleCollisionEnter2D: 0
    handleCollisionExit2D: 0
    handleCollisionStay2D: 0
    handleTriggerEnter: 0
    handleTriggerExit: 0
    handleTriggerStay: 0
    handleCollisionEnter: 0
    handleCollisionExit: 0
    handleCollisionStay: 0
    handleParticleCollision: 0
    handleControllerColliderHit: 0
    handleJointBreak: 0
    handleJointBreak2D: 0
    handleOnGUI: 0
    handleFixedUpdate: 0
    handleLateUpdate: 0
    handleApplicationEvents: 0
    handleUiEvents: 0
    handleLegacyNetworking: 0
    handleAnimatorMove: 0
    handleAnimatorIK: 0
  fsmTemplate: {fileID: 0}
  eventHandlerComponentsAdded: 0
--- !u!1 &6169329304099425936
GameObject:
  m_ObjectHideFlags: 0
  m_CorrespondingSourceObject: {fileID: 0}
  m_PrefabInstance: {fileID: 0}
  m_PrefabAsset: {fileID: 0}
  serializedVersion: 6
  m_Component:
  - component: {fileID: 6169329304099425943}
  - component: {fileID: 6169329304099425940}
  - component: {fileID: 6169329304099425941}
  - component: {fileID: 6169329304099425942}
  - component: {fileID: 8808164493264188212}
  - component: {fileID: 4572008706856477947}
  m_Layer: 28
  m_Name: Sphere
  m_TagString: Untagged
  m_Icon: {fileID: 0}
  m_NavMeshLayer: 0
  m_StaticEditorFlags: 0
  m_IsActive: 1
--- !u!4 &6169329304099425943
Transform:
  m_ObjectHideFlags: 0
  m_CorrespondingSourceObject: {fileID: 0}
  m_PrefabInstance: {fileID: 0}
  m_PrefabAsset: {fileID: 0}
  m_GameObject: {fileID: 6169329304099425936}
  m_LocalRotation: {x: -0, y: -0, z: -0, w: 1}
  m_LocalPosition: {x: 0, y: -1.61, z: 0}
  m_LocalScale: {x: 30, y: 1.3636364, z: 30}
  m_Children:
  - {fileID: 1723516878}
  - {fileID: 4908606254718437519}
  m_Father: {fileID: 6169329304282586674}
  m_RootOrder: 0
  m_LocalEulerAnglesHint: {x: 0, y: 0, z: 0}
--- !u!33 &6169329304099425940
MeshFilter:
  m_ObjectHideFlags: 0
  m_CorrespondingSourceObject: {fileID: 0}
  m_PrefabInstance: {fileID: 0}
  m_PrefabAsset: {fileID: 0}
  m_GameObject: {fileID: 6169329304099425936}
  m_Mesh: {fileID: 10207, guid: 0000000000000000e000000000000000, type: 0}
--- !u!23 &6169329304099425941
MeshRenderer:
  m_ObjectHideFlags: 0
  m_CorrespondingSourceObject: {fileID: 0}
  m_PrefabInstance: {fileID: 0}
  m_PrefabAsset: {fileID: 0}
  m_GameObject: {fileID: 6169329304099425936}
  m_Enabled: 0
  m_CastShadows: 1
  m_ReceiveShadows: 1
  m_DynamicOccludee: 1
  m_MotionVectors: 1
  m_LightProbeUsage: 1
  m_ReflectionProbeUsage: 1
  m_RenderingLayerMask: 1
  m_RendererPriority: 0
  m_Materials:
  - {fileID: 10303, guid: 0000000000000000f000000000000000, type: 0}
  m_StaticBatchInfo:
    firstSubMesh: 0
    subMeshCount: 0
  m_StaticBatchRoot: {fileID: 0}
  m_ProbeAnchor: {fileID: 0}
  m_LightProbeVolumeOverride: {fileID: 0}
  m_ScaleInLightmap: 1
  m_ReceiveGI: 1
  m_PreserveUVs: 0
  m_IgnoreNormalsForChartDetection: 0
  m_ImportantGI: 0
  m_StitchLightmapSeams: 1
  m_SelectedEditorRenderState: 3
  m_MinimumChartSize: 4
  m_AutoUVMaxDistance: 0.5
  m_AutoUVMaxAngle: 89
  m_LightmapParameters: {fileID: 0}
  m_SortingLayerID: 0
  m_SortingLayer: 0
  m_SortingOrder: 0
--- !u!135 &6169329304099425942
SphereCollider:
  m_ObjectHideFlags: 0
  m_CorrespondingSourceObject: {fileID: 0}
  m_PrefabInstance: {fileID: 0}
  m_PrefabAsset: {fileID: 0}
  m_GameObject: {fileID: 6169329304099425936}
  m_Material: {fileID: 0}
  m_IsTrigger: 1
  m_Enabled: 1
  serializedVersion: 2
  m_Radius: 0.5
  m_Center: {x: 0, y: 0, z: 0}
--- !u!114 &8808164493264188212
MonoBehaviour:
  m_ObjectHideFlags: 0
  m_CorrespondingSourceObject: {fileID: 0}
  m_PrefabInstance: {fileID: 0}
  m_PrefabAsset: {fileID: 0}
  m_GameObject: {fileID: 6169329304099425936}
  m_Enabled: 1
  m_EditorHideFlags: 0
  m_Script: {fileID: 1384774831, guid: e743331561ef77147ae48cda9bcb8209, type: 3}
  m_Name: 
  m_EditorClassIdentifier: 
  fsm:
    dataVersion: 2
    usedInTemplate: {fileID: 0}
    name: FSM
    startState: Listener
    states:
    - name: Listener
      description: 
      colorIndex: 0
      position:
        serializedVersion: 2
        x: 50
        y: 116
        width: 100
        height: 32
      isBreakpoint: 0
      isSequence: 0
      hideUnused: 0
      transitions:
      - fsmEvent:
          name: Hit
          isSystemEvent: 0
          isGlobal: 0
        toState: SpawnFire
        linkStyle: 0
        linkConstraint: 0
        colorIndex: 0
      actionData:
        actionNames:
        - HutongGames.PlayMaker.Actions.TriggerEvent
        customNames:
        - 
        actionEnabled: 01
        actionIsOpen: 01
        actionStartIndex: 00000000
        actionHashCodes: 9c512400
        unityObjectParams: []
        fsmGameObjectParams:
        - useVariable: 1
          name: 
          tooltip: 
          showInInspector: 0
          networkSync: 0
          value: {fileID: 0}
        fsmOwnerDefaultParams:
        - ownerOption: 0
          gameObject:
            useVariable: 0
            name: 
            tooltip: 
            showInInspector: 0
            networkSync: 0
            value: {fileID: 0}
        animationCurveParams: []
        functionCallParams: []
        fsmTemplateControlParams: []
        fsmEventTargetParams: []
        fsmPropertyParams: []
        layoutOptionParams: []
        fsmStringParams:
        - useVariable: 0
          name: 
          tooltip: 
          showInInspector: 0
          networkSync: 0
          value: Environment
        fsmObjectParams: []
        fsmVarParams: []
        fsmArrayParams: []
        fsmEnumParams: []
        fsmFloatParams: []
        fsmIntParams: []
        fsmBoolParams: []
        fsmVector2Params: []
        fsmVector3Params: []
        fsmColorParams: []
        fsmRectParams: []
        fsmQuaternionParams: []
        stringParams:
        - Hit
        byteData: 00000000
        arrayParamSizes: 
        arrayParamTypes: []
        customTypeSizes: 
        customTypeNames: []
        paramDataType: 1400000007000000120000001700000013000000
        paramName:
        - gameObject
        - trigger
        - collideTag
        - sendEvent
        - storeCollider
        paramDataPos: 0000000000000000000000000000000000000000
        paramByteDataSize: 0000000004000000000000000000000000000000
    - name: SpawnFire
      description: 
      colorIndex: 0
      position:
        serializedVersion: 2
        x: 232
        y: 114
        width: 101
        height: 16
      isBreakpoint: 0
      isSequence: 0
      hideUnused: 0
      transitions: []
      actionData:
        actionNames:
        - HutongGames.PlayMaker.Actions.CreateObject
        - HutongGames.PlayMaker.Actions.CreateObject
        - HutongGames.PlayMaker.Actions.CreateObject
        - HutongGames.PlayMaker.Actions.Wait
        - HutongGames.PlayMaker.Actions.ActivateGameObject
        - HutongGames.PlayMaker.Actions.ActivateGameObject
        customNames:
        - 
        - 
        - 
        - 
        - 
        - 
        actionEnabled: 010100010001
        actionIsOpen: 010101010101
        actionStartIndex: 00000000050000000a0000000f0000001200000017000000
        actionHashCodes: bf83c900bf83c900bf83c90048c01101b2cf1000b2cf1000
        unityObjectParams: []
        fsmGameObjectParams:
        - useVariable: 0
          name: 
          tooltip: 
          showInInspector: 0
          networkSync: 0
          value: {fileID: 6646609028368267966, guid: b20d5d0cdcd91ee4fa0c62600502d307,
            type: 3}
        - useVariable: 0
          name: 
          tooltip: 
          showInInspector: 0
          networkSync: 0
          value: {fileID: 6169329304099425936}
        - useVariable: 1
          name: 
          tooltip: 
          showInInspector: 0
          networkSync: 0
          value: {fileID: 0}
        - useVariable: 0
          name: 
          tooltip: 
          showInInspector: 0
          networkSync: 0
          value: {fileID: 6646609028368267966, guid: b20d5d0cdcd91ee4fa0c62600502d307,
            type: 3}
        - useVariable: 1
          name: PastVines
          tooltip: 
          showInInspector: 1
          networkSync: 0
          value: {fileID: 0}
        - useVariable: 1
          name: 
          tooltip: 
          showInInspector: 0
          networkSync: 0
          value: {fileID: 0}
        - useVariable: 0
          name: 
          tooltip: 
          showInInspector: 0
          networkSync: 0
          value: {fileID: 4049979658708608069, guid: f1871f1166b47504ca3817c49dee9e65,
            type: 3}
        - useVariable: 1
          name: FutureVines
          tooltip: 
          showInInspector: 1
          networkSync: 0
          value: {fileID: 0}
        - useVariable: 1
          name: 
          tooltip: 
          showInInspector: 0
          networkSync: 0
          value: {fileID: 0}
        fsmOwnerDefaultParams:
        - ownerOption: 1
          gameObject:
            useVariable: 1
            name: PastVines
            tooltip: 
            showInInspector: 1
            networkSync: 0
            value: {fileID: 0}
        - ownerOption: 1
          gameObject:
            useVariable: 1
            name: FutureVines
            tooltip: 
            showInInspector: 1
            networkSync: 0
            value: {fileID: 0}
        animationCurveParams: []
        functionCallParams: []
        fsmTemplateControlParams: []
        fsmEventTargetParams: []
        fsmPropertyParams: []
        layoutOptionParams: []
        fsmStringParams: []
        fsmObjectParams: []
        fsmVarParams: []
        fsmArrayParams: []
        fsmEnumParams: []
        fsmFloatParams:
        - useVariable: 0
          name: 
          tooltip: 
          showInInspector: 0
          networkSync: 0
          value: 0.75
        fsmIntParams: []
        fsmBoolParams:
        - useVariable: 0
          name: 
          tooltip: 
          showInInspector: 0
          networkSync: 0
          value: 0
        - useVariable: 0
          name: 
          tooltip: 
          showInInspector: 0
          networkSync: 0
          value: 1
        - useVariable: 0
          name: 
          tooltip: 
          showInInspector: 0
          networkSync: 0
          value: 0
        - useVariable: 0
          name: 
          tooltip: 
          showInInspector: 0
          networkSync: 0
          value: 1
        fsmVector2Params: []
        fsmVector3Params:
        - useVariable: 0
          name: 
          tooltip: 
          showInInspector: 0
          networkSync: 0
          value: {x: 0, y: 0, z: 0}
        - useVariable: 1
          name: 
          tooltip: 
          showInInspector: 0
          networkSync: 0
          value: {x: 0, y: 0, z: 0}
        - useVariable: 0
          name: 
          tooltip: 
          showInInspector: 0
          networkSync: 0
          value: {x: 0, y: 0, z: 0.1}
        - useVariable: 1
          name: 
          tooltip: 
          showInInspector: 0
          networkSync: 0
          value: {x: 0, y: 0, z: 0}
        - useVariable: 0
          name: 
          tooltip: 
          showInInspector: 0
          networkSync: 0
          value: {x: 0, y: 0.1, z: 0}
        - useVariable: 1
          name: 
          tooltip: 
          showInInspector: 0
          networkSync: 0
          value: {x: 0, y: 0, z: 0}
        fsmColorParams: []
        fsmRectParams: []
        fsmQuaternionParams: []
        stringParams:
        - 
        byteData: 0100000000
        arrayParamSizes: 
        arrayParamTypes: []
        customTypeSizes: 
        customTypeNames: []
        paramDataType: 13000000130000001c0000001c0000001300000013000000130000001c0000001c0000001300000013000000130000001c0000001c000000130000000f000000170000000100000014000000110000001100000001000000010000001400000011000000110000000100000001000000
        paramName:
        - gameObject
        - spawnPoint
        - position
        - rotation
        - storeObject
        - gameObject
        - spawnPoint
        - position
        - rotation
        - storeObject
        - gameObject
        - spawnPoint
        - position
        - rotation
        - storeObject
        - time
        - finishEvent
        - realTime
        - gameObject
        - activate
        - recursive
        - resetOnExit
        - everyFrame
        - gameObject
        - activate
        - recursive
        - resetOnExit
        - everyFrame
        paramDataPos: 00000000010000000000000001000000020000000300000004000000020000000300000005000000060000000700000004000000050000000800000000000000000000000000000000000000000000000100000001000000020000000100000002000000030000000300000004000000
        paramByteDataSize: 00000000000000000000000000000000000000000000000000000000000000000000000000000000000000000000000000000000000000000000000000000000000000000100000000000000000000000000000001000000010000000000000000000000000000000100000001000000
    events:
    - name: Hit
      isSystemEvent: 0
      isGlobal: 0
    globalTransitions: []
    variables:
      floatVariables: []
      intVariables: []
      boolVariables: []
      stringVariables: []
      vector2Variables: []
      vector3Variables: []
      colorVariables: []
      rectVariables: []
      quaternionVariables: []
      gameObjectVariables:
      - useVariable: 1
        name: PastVines
        tooltip: 
        showInInspector: 1
        networkSync: 0
        value: {fileID: 0}
      - useVariable: 1
        name: FutureVines
        tooltip: 
        showInInspector: 1
        networkSync: 0
        value: {fileID: 0}
      objectVariables: []
      materialVariables: []
      textureVariables: []
      arrayVariables: []
      enumVariables: []
      categories:
      - 
      variableCategoryIDs: 0000000000000000
    description: 
    docUrl: 
    showStateLabel: 0
    maxLoopCount: 0
    watermark: 
    password: 
    locked: 0
    manualUpdate: 0
    keepDelayedEventsOnStateExit: 0
    preprocessed: 0
    ExposedEvents: []
    RestartOnEnable: 1
    EnableDebugFlow: 0
    EnableBreakpoints: 1
    editorFlags: 3
    activeStateName: 
    mouseEvents: 0
    handleLevelLoaded: 0
    handleTriggerEnter2D: 0
    handleTriggerExit2D: 0
    handleTriggerStay2D: 0
    handleCollisionEnter2D: 0
    handleCollisionExit2D: 0
    handleCollisionStay2D: 0
    handleTriggerEnter: 0
    handleTriggerExit: 0
    handleTriggerStay: 0
    handleCollisionEnter: 0
    handleCollisionExit: 0
    handleCollisionStay: 0
    handleParticleCollision: 0
    handleControllerColliderHit: 0
    handleJointBreak: 0
    handleJointBreak2D: 0
    handleOnGUI: 0
    handleFixedUpdate: 0
    handleLateUpdate: 0
    handleApplicationEvents: 0
    handleUiEvents: 0
    handleLegacyNetworking: 0
    handleAnimatorMove: 0
    handleAnimatorIK: 0
  fsmTemplate: {fileID: 0}
  eventHandlerComponentsAdded: 1
--- !u!114 &4572008706856477947
MonoBehaviour:
  m_ObjectHideFlags: 0
  m_CorrespondingSourceObject: {fileID: 0}
  m_PrefabInstance: {fileID: 0}
  m_PrefabAsset: {fileID: 0}
  m_GameObject: {fileID: 6169329304099425936}
  m_Enabled: 1
  m_EditorHideFlags: 0
  m_Script: {fileID: 82786459, guid: e743331561ef77147ae48cda9bcb8209, type: 3}
  m_Name: 
  m_EditorClassIdentifier: 
  TargetFSMs:
  - {fileID: 8808164493264188212}
--- !u!1 &6169329304177911000
GameObject:
  m_ObjectHideFlags: 0
  m_CorrespondingSourceObject: {fileID: 0}
  m_PrefabInstance: {fileID: 0}
  m_PrefabAsset: {fileID: 0}
  serializedVersion: 6
  m_Component:
  - component: {fileID: 6169329304177911007}
  - component: {fileID: 6169329304177911005}
  - component: {fileID: 6169329304177911006}
  m_Layer: 0
  m_Name: Rope1
  m_TagString: Untagged
  m_Icon: {fileID: 0}
  m_NavMeshLayer: 0
  m_StaticEditorFlags: 0
  m_IsActive: 1
--- !u!4 &6169329304177911007
Transform:
  m_ObjectHideFlags: 0
  m_CorrespondingSourceObject: {fileID: 0}
  m_PrefabInstance: {fileID: 0}
  m_PrefabAsset: {fileID: 0}
  m_GameObject: {fileID: 6169329304177911000}
  m_LocalRotation: {x: 0, y: 0, z: 0, w: 1}
  m_LocalPosition: {x: -0.396, y: 2.271, z: 0}
  m_LocalScale: {x: 0.01, y: 0.250448, z: 0.01}
  m_Children: []
  m_Father: {fileID: 6169329303168180807}
  m_RootOrder: 0
  m_LocalEulerAnglesHint: {x: 0, y: 0, z: 0}
--- !u!33 &6169329304177911005
MeshFilter:
  m_ObjectHideFlags: 0
  m_CorrespondingSourceObject: {fileID: 0}
  m_PrefabInstance: {fileID: 0}
  m_PrefabAsset: {fileID: 0}
  m_GameObject: {fileID: 6169329304177911000}
  m_Mesh: {fileID: 10206, guid: 0000000000000000e000000000000000, type: 0}
--- !u!23 &6169329304177911006
MeshRenderer:
  m_ObjectHideFlags: 0
  m_CorrespondingSourceObject: {fileID: 0}
  m_PrefabInstance: {fileID: 0}
  m_PrefabAsset: {fileID: 0}
  m_GameObject: {fileID: 6169329304177911000}
  m_Enabled: 1
  m_CastShadows: 1
  m_ReceiveShadows: 1
  m_DynamicOccludee: 1
  m_MotionVectors: 1
  m_LightProbeUsage: 1
  m_ReflectionProbeUsage: 1
  m_RenderingLayerMask: 1
  m_RendererPriority: 0
  m_Materials:
  - {fileID: 10303, guid: 0000000000000000f000000000000000, type: 0}
  m_StaticBatchInfo:
    firstSubMesh: 0
    subMeshCount: 0
  m_StaticBatchRoot: {fileID: 0}
  m_ProbeAnchor: {fileID: 0}
  m_LightProbeVolumeOverride: {fileID: 0}
  m_ScaleInLightmap: 1
  m_ReceiveGI: 1
  m_PreserveUVs: 0
  m_IgnoreNormalsForChartDetection: 0
  m_ImportantGI: 0
  m_StitchLightmapSeams: 1
  m_SelectedEditorRenderState: 3
  m_MinimumChartSize: 4
  m_AutoUVMaxDistance: 0.5
  m_AutoUVMaxAngle: 89
  m_LightmapParameters: {fileID: 0}
  m_SortingLayerID: 0
  m_SortingLayer: 0
  m_SortingOrder: 0
--- !u!1 &6169329304282586686
GameObject:
  m_ObjectHideFlags: 0
  m_CorrespondingSourceObject: {fileID: 0}
  m_PrefabInstance: {fileID: 0}
  m_PrefabAsset: {fileID: 0}
  serializedVersion: 6
  m_Component:
  - component: {fileID: 6169329304282586674}
  - component: {fileID: 6169329304282586675}
  - component: {fileID: 6169329304282586684}
  - component: {fileID: 4728467916409959805}
  m_Layer: 0
  m_Name: Rope2
  m_TagString: Untagged
  m_Icon: {fileID: 0}
  m_NavMeshLayer: 0
  m_StaticEditorFlags: 0
  m_IsActive: 1
--- !u!4 &6169329304282586674
Transform:
  m_ObjectHideFlags: 0
  m_CorrespondingSourceObject: {fileID: 0}
  m_PrefabInstance: {fileID: 0}
  m_PrefabAsset: {fileID: 0}
  m_GameObject: {fileID: 6169329304282586686}
  m_LocalRotation: {x: 0, y: 0, z: 0, w: 1}
  m_LocalPosition: {x: -0.39600003, y: 1.75533, z: 0}
  m_LocalScale: {x: 0.01, y: 0.266332, z: 0.01}
  m_Children:
  - {fileID: 6169329304099425943}
  m_Father: {fileID: 6169329303168180807}
  m_RootOrder: 1
  m_LocalEulerAnglesHint: {x: 0, y: 0, z: 0}
--- !u!33 &6169329304282586675
MeshFilter:
  m_ObjectHideFlags: 0
  m_CorrespondingSourceObject: {fileID: 0}
  m_PrefabInstance: {fileID: 0}
  m_PrefabAsset: {fileID: 0}
  m_GameObject: {fileID: 6169329304282586686}
  m_Mesh: {fileID: 10206, guid: 0000000000000000e000000000000000, type: 0}
--- !u!23 &6169329304282586684
MeshRenderer:
  m_ObjectHideFlags: 0
  m_CorrespondingSourceObject: {fileID: 0}
  m_PrefabInstance: {fileID: 0}
  m_PrefabAsset: {fileID: 0}
  m_GameObject: {fileID: 6169329304282586686}
  m_Enabled: 1
  m_CastShadows: 1
  m_ReceiveShadows: 1
  m_DynamicOccludee: 1
  m_MotionVectors: 1
  m_LightProbeUsage: 1
  m_ReflectionProbeUsage: 1
  m_RenderingLayerMask: 1
  m_RendererPriority: 0
  m_Materials:
  - {fileID: 10303, guid: 0000000000000000f000000000000000, type: 0}
  m_StaticBatchInfo:
    firstSubMesh: 0
    subMeshCount: 0
  m_StaticBatchRoot: {fileID: 0}
  m_ProbeAnchor: {fileID: 0}
  m_LightProbeVolumeOverride: {fileID: 0}
  m_ScaleInLightmap: 1
  m_ReceiveGI: 1
  m_PreserveUVs: 0
  m_IgnoreNormalsForChartDetection: 0
  m_ImportantGI: 0
  m_StitchLightmapSeams: 1
  m_SelectedEditorRenderState: 3
  m_MinimumChartSize: 4
  m_AutoUVMaxDistance: 0.5
  m_AutoUVMaxAngle: 89
  m_LightmapParameters: {fileID: 0}
  m_SortingLayerID: 0
  m_SortingLayer: 0
  m_SortingOrder: 0
--- !u!54 &4728467916409959805
Rigidbody:
  m_ObjectHideFlags: 0
  m_CorrespondingSourceObject: {fileID: 0}
  m_PrefabInstance: {fileID: 0}
  m_PrefabAsset: {fileID: 0}
  m_GameObject: {fileID: 6169329304282586686}
  serializedVersion: 2
  m_Mass: 1
  m_Drag: 0
  m_AngularDrag: 0.05
  m_UseGravity: 1
  m_IsKinematic: 1
  m_Interpolate: 0
  m_Constraints: 0
  m_CollisionDetection: 0
--- !u!1001 &100323492068156309
PrefabInstance:
  m_ObjectHideFlags: 0
  serializedVersion: 2
  m_Modification:
    m_TransformParent: {fileID: 6169329304099425943}
    m_Modifications:
    - target: {fileID: -927199367670048503, guid: 76d87dfcd33fd2948a42d7cdc805e23e,
        type: 3}
      propertyPath: m_Name
      value: Lantern
      objectReference: {fileID: 0}
    - target: {fileID: -4216859302048453862, guid: 76d87dfcd33fd2948a42d7cdc805e23e,
        type: 3}
      propertyPath: m_LocalPosition.x
      value: -0
      objectReference: {fileID: 0}
    - target: {fileID: -4216859302048453862, guid: 76d87dfcd33fd2948a42d7cdc805e23e,
        type: 3}
      propertyPath: m_LocalPosition.y
      value: -0.694
      objectReference: {fileID: 0}
    - target: {fileID: -4216859302048453862, guid: 76d87dfcd33fd2948a42d7cdc805e23e,
        type: 3}
      propertyPath: m_LocalPosition.z
      value: -0.048
      objectReference: {fileID: 0}
    - target: {fileID: -4216859302048453862, guid: 76d87dfcd33fd2948a42d7cdc805e23e,
        type: 3}
      propertyPath: m_LocalRotation.x
      value: -0
      objectReference: {fileID: 0}
    - target: {fileID: -4216859302048453862, guid: 76d87dfcd33fd2948a42d7cdc805e23e,
        type: 3}
      propertyPath: m_LocalRotation.y
      value: 1
      objectReference: {fileID: 0}
    - target: {fileID: -4216859302048453862, guid: 76d87dfcd33fd2948a42d7cdc805e23e,
        type: 3}
      propertyPath: m_LocalRotation.z
      value: -0
      objectReference: {fileID: 0}
    - target: {fileID: -4216859302048453862, guid: 76d87dfcd33fd2948a42d7cdc805e23e,
        type: 3}
      propertyPath: m_LocalRotation.w
      value: -0.00000040233135
      objectReference: {fileID: 0}
    - target: {fileID: -4216859302048453862, guid: 76d87dfcd33fd2948a42d7cdc805e23e,
        type: 3}
      propertyPath: m_RootOrder
      value: 1
      objectReference: {fileID: 0}
    - target: {fileID: -4216859302048453862, guid: 76d87dfcd33fd2948a42d7cdc805e23e,
        type: 3}
      propertyPath: m_LocalEulerAnglesHint.x
      value: 0
      objectReference: {fileID: 0}
    - target: {fileID: -4216859302048453862, guid: 76d87dfcd33fd2948a42d7cdc805e23e,
        type: 3}
      propertyPath: m_LocalEulerAnglesHint.y
      value: 179.99998
      objectReference: {fileID: 0}
    - target: {fileID: -4216859302048453862, guid: 76d87dfcd33fd2948a42d7cdc805e23e,
        type: 3}
      propertyPath: m_LocalEulerAnglesHint.z
      value: 0
      objectReference: {fileID: 0}
    - target: {fileID: -4216859302048453862, guid: 76d87dfcd33fd2948a42d7cdc805e23e,
        type: 3}
      propertyPath: m_LocalScale.x
      value: 1
      objectReference: {fileID: 0}
    - target: {fileID: -4216859302048453862, guid: 76d87dfcd33fd2948a42d7cdc805e23e,
        type: 3}
      propertyPath: m_LocalScale.y
      value: 0.82603663
      objectReference: {fileID: 0}
    - target: {fileID: -4216859302048453862, guid: 76d87dfcd33fd2948a42d7cdc805e23e,
        type: 3}
      propertyPath: m_LocalScale.z
      value: 1
      objectReference: {fileID: 0}
    - target: {fileID: 5452068790998213776, guid: 76d87dfcd33fd2948a42d7cdc805e23e,
        type: 3}
      propertyPath: m_Materials.Array.data[0]
      value: 
      objectReference: {fileID: 2100000, guid: d1c555ca61f6e29409ac89049684f417, type: 2}
    m_RemovedComponents: []
  m_SourcePrefab: {fileID: 100100000, guid: 76d87dfcd33fd2948a42d7cdc805e23e, type: 3}
--- !u!4 &4908606254718437519 stripped
Transform:
  m_CorrespondingSourceObject: {fileID: -4216859302048453862, guid: 76d87dfcd33fd2948a42d7cdc805e23e,
    type: 3}
  m_PrefabInstance: {fileID: 100323492068156309}
  m_PrefabAsset: {fileID: 0}
--- !u!1001 &4553000754842410829
PrefabInstance:
  m_ObjectHideFlags: 0
  serializedVersion: 2
  m_Modification:
    m_TransformParent: {fileID: 6169329303277965646}
    m_Modifications:
    - target: {fileID: 7521667282067639915, guid: 45d968a4c6078e1479a476751bc8f969,
        type: 3}
      propertyPath: m_Name
      value: Health
      objectReference: {fileID: 0}
    - target: {fileID: 7603260146425918858, guid: 45d968a4c6078e1479a476751bc8f969,
        type: 3}
      propertyPath: m_LocalPosition.x
      value: 0
      objectReference: {fileID: 0}
    - target: {fileID: 7603260146425918858, guid: 45d968a4c6078e1479a476751bc8f969,
        type: 3}
      propertyPath: m_LocalPosition.y
      value: 0
      objectReference: {fileID: 0}
    - target: {fileID: 7603260146425918858, guid: 45d968a4c6078e1479a476751bc8f969,
        type: 3}
      propertyPath: m_LocalPosition.z
      value: 0
      objectReference: {fileID: 0}
    - target: {fileID: 7603260146425918858, guid: 45d968a4c6078e1479a476751bc8f969,
        type: 3}
      propertyPath: m_LocalRotation.x
      value: 0
      objectReference: {fileID: 0}
    - target: {fileID: 7603260146425918858, guid: 45d968a4c6078e1479a476751bc8f969,
        type: 3}
      propertyPath: m_LocalRotation.y
      value: 0
      objectReference: {fileID: 0}
    - target: {fileID: 7603260146425918858, guid: 45d968a4c6078e1479a476751bc8f969,
        type: 3}
      propertyPath: m_LocalRotation.z
      value: 0
      objectReference: {fileID: 0}
    - target: {fileID: 7603260146425918858, guid: 45d968a4c6078e1479a476751bc8f969,
        type: 3}
      propertyPath: m_LocalRotation.w
      value: 1
      objectReference: {fileID: 0}
    - target: {fileID: 7603260146425918858, guid: 45d968a4c6078e1479a476751bc8f969,
        type: 3}
      propertyPath: m_RootOrder
      value: 0
      objectReference: {fileID: 0}
    - target: {fileID: 7603260146425918858, guid: 45d968a4c6078e1479a476751bc8f969,
        type: 3}
      propertyPath: m_LocalEulerAnglesHint.x
      value: 0
      objectReference: {fileID: 0}
    - target: {fileID: 7603260146425918858, guid: 45d968a4c6078e1479a476751bc8f969,
        type: 3}
      propertyPath: m_LocalEulerAnglesHint.y
      value: 0
      objectReference: {fileID: 0}
    - target: {fileID: 7603260146425918858, guid: 45d968a4c6078e1479a476751bc8f969,
        type: 3}
      propertyPath: m_LocalEulerAnglesHint.z
      value: 0
      objectReference: {fileID: 0}
    m_RemovedComponents: []
  m_SourcePrefab: {fileID: 100100000, guid: 45d968a4c6078e1479a476751bc8f969, type: 3}
--- !u!4 &6245286250688703175 stripped
Transform:
  m_CorrespondingSourceObject: {fileID: 7603260146425918858, guid: 45d968a4c6078e1479a476751bc8f969,
    type: 3}
  m_PrefabInstance: {fileID: 4553000754842410829}
  m_PrefabAsset: {fileID: 0}
--- !u!1001 &5316535550308011473
PrefabInstance:
  m_ObjectHideFlags: 0
  serializedVersion: 2
  m_Modification:
    m_TransformParent: {fileID: 6169329303168180807}
    m_Modifications:
    - target: {fileID: -927199367670048503, guid: e0da13bfe87cb32489fd652904483054,
        type: 3}
      propertyPath: m_Name
      value: LampPost
      objectReference: {fileID: 0}
    - target: {fileID: -4216859302048453862, guid: e0da13bfe87cb32489fd652904483054,
        type: 3}
      propertyPath: m_LocalPosition.x
      value: -1.3666
      objectReference: {fileID: 0}
    - target: {fileID: -4216859302048453862, guid: e0da13bfe87cb32489fd652904483054,
        type: 3}
      propertyPath: m_LocalPosition.y
      value: 0.093
      objectReference: {fileID: 0}
    - target: {fileID: -4216859302048453862, guid: e0da13bfe87cb32489fd652904483054,
        type: 3}
      propertyPath: m_LocalPosition.z
      value: 0
      objectReference: {fileID: 0}
    - target: {fileID: -4216859302048453862, guid: e0da13bfe87cb32489fd652904483054,
        type: 3}
      propertyPath: m_LocalRotation.x
      value: 0
      objectReference: {fileID: 0}
    - target: {fileID: -4216859302048453862, guid: e0da13bfe87cb32489fd652904483054,
        type: 3}
      propertyPath: m_LocalRotation.y
      value: -0
      objectReference: {fileID: 0}
    - target: {fileID: -4216859302048453862, guid: e0da13bfe87cb32489fd652904483054,
        type: 3}
      propertyPath: m_LocalRotation.z
      value: -0
      objectReference: {fileID: 0}
    - target: {fileID: -4216859302048453862, guid: e0da13bfe87cb32489fd652904483054,
        type: 3}
      propertyPath: m_LocalRotation.w
      value: 1
      objectReference: {fileID: 0}
    - target: {fileID: -4216859302048453862, guid: e0da13bfe87cb32489fd652904483054,
        type: 3}
      propertyPath: m_RootOrder
      value: 3
      objectReference: {fileID: 0}
    - target: {fileID: -4216859302048453862, guid: e0da13bfe87cb32489fd652904483054,
        type: 3}
      propertyPath: m_LocalEulerAnglesHint.x
      value: 0
      objectReference: {fileID: 0}
    - target: {fileID: -4216859302048453862, guid: e0da13bfe87cb32489fd652904483054,
        type: 3}
      propertyPath: m_LocalEulerAnglesHint.y
      value: 0
      objectReference: {fileID: 0}
    - target: {fileID: -4216859302048453862, guid: e0da13bfe87cb32489fd652904483054,
        type: 3}
      propertyPath: m_LocalEulerAnglesHint.z
      value: 0
      objectReference: {fileID: 0}
    - target: {fileID: -4216859302048453862, guid: e0da13bfe87cb32489fd652904483054,
        type: 3}
      propertyPath: m_LocalScale.x
      value: 1.3039949
      objectReference: {fileID: 0}
    - target: {fileID: -4216859302048453862, guid: e0da13bfe87cb32489fd652904483054,
        type: 3}
      propertyPath: m_LocalScale.y
      value: 1.4688199
      objectReference: {fileID: 0}
    - target: {fileID: -4216859302048453862, guid: e0da13bfe87cb32489fd652904483054,
        type: 3}
      propertyPath: m_LocalScale.z
      value: 1.3039949
      objectReference: {fileID: 0}
    - target: {fileID: 8405317065323677370, guid: e0da13bfe87cb32489fd652904483054,
        type: 3}
      propertyPath: m_Materials.Array.data[0]
      value: 
      objectReference: {fileID: 2100000, guid: 425f4129472f77c4cbac79e088710205, type: 2}
    m_RemovedComponents: []
  m_SourcePrefab: {fileID: 100100000, guid: e0da13bfe87cb32489fd652904483054, type: 3}
--- !u!4 &914956559572920011 stripped
Transform:
  m_CorrespondingSourceObject: {fileID: -4216859302048453862, guid: e0da13bfe87cb32489fd652904483054,
    type: 3}
  m_PrefabInstance: {fileID: 5316535550308011473}
  m_PrefabAsset: {fileID: 0}
