%YAML 1.1
%TAG !u! tag:unity3d.com,2011:
--- !u!65 &5337669309972889641
BoxCollider:
  m_ObjectHideFlags: 0
  m_CorrespondingSourceObject: {fileID: 0}
  m_PrefabInstance: {fileID: 0}
  m_PrefabAsset: {fileID: 0}
  m_GameObject: {fileID: 4566094526811107536}
  m_Material: {fileID: 0}
  m_IsTrigger: 0
  m_Enabled: 1
  serializedVersion: 2
  m_Size: {x: 1.5925698, y: 2.005631, z: 0.56427866}
  m_Center: {x: -1.1805162, y: -0.41606346, z: 0.0016471574}
--- !u!65 &5226259891415612749
BoxCollider:
  m_ObjectHideFlags: 0
  m_CorrespondingSourceObject: {fileID: 0}
  m_PrefabInstance: {fileID: 0}
  m_PrefabAsset: {fileID: 0}
  m_GameObject: {fileID: 7404026511708250959}
  m_Material: {fileID: 0}
  m_IsTrigger: 0
  m_Enabled: 1
  serializedVersion: 2
  m_Size: {x: 0.41285974, y: 2.0506496, z: 0.41000018}
  m_Center: {x: 1.3853308, y: -2.7626307, z: 0.0016471574}
--- !u!65 &6887683731450321887
BoxCollider:
  m_ObjectHideFlags: 0
  m_CorrespondingSourceObject: {fileID: 0}
  m_PrefabInstance: {fileID: 0}
  m_PrefabAsset: {fileID: 0}
  m_GameObject: {fileID: 7404026511708250959}
  m_Material: {fileID: 0}
  m_IsTrigger: 0
  m_Enabled: 1
  serializedVersion: 2
  m_Size: {x: 0.40981248, y: 0.8868095, z: 0.46}
  m_Center: {x: 1.771894, y: -3.368301, z: 0.0016471572}
--- !u!1 &2352138645881447531
GameObject:
  m_ObjectHideFlags: 0
  m_CorrespondingSourceObject: {fileID: 0}
  m_PrefabInstance: {fileID: 0}
  m_PrefabAsset: {fileID: 0}
  serializedVersion: 6
  m_Component:
  - component: {fileID: 2672669618985114438}
  - component: {fileID: 8765157726952732562}
  - component: {fileID: 6701966989015577250}
  m_Layer: 22
  m_Name: Side Collider
  m_TagString: Untagged
  m_Icon: {fileID: 0}
  m_NavMeshLayer: 0
  m_StaticEditorFlags: 60
  m_IsActive: 1
--- !u!4 &2672669618985114438
Transform:
  m_ObjectHideFlags: 0
  m_CorrespondingSourceObject: {fileID: 0}
  m_PrefabInstance: {fileID: 0}
  m_PrefabAsset: {fileID: 0}
  m_GameObject: {fileID: 2352138645881447531}
  m_LocalRotation: {x: 0, y: 0, z: 0, w: 1}
  m_LocalPosition: {x: 0, y: 1, z: 0}
  m_LocalScale: {x: 1, y: 1, z: 1}
  m_Children: []
  m_Father: {fileID: 5951981663986960205}
  m_RootOrder: 4
  m_LocalEulerAnglesHint: {x: 0, y: 0, z: 0}
--- !u!65 &8765157726952732562
BoxCollider:
  m_ObjectHideFlags: 0
  m_CorrespondingSourceObject: {fileID: 0}
  m_PrefabInstance: {fileID: 0}
  m_PrefabAsset: {fileID: 0}
  m_GameObject: {fileID: 2352138645881447531}
  m_Material: {fileID: 0}
  m_IsTrigger: 0
  m_Enabled: 1
  serializedVersion: 2
  m_Size: {x: 4.509512, y: 1, z: 0.6734376}
  m_Center: {x: -1.0157219, y: 0, z: 2.0233996}
--- !u!65 &6701966989015577250
BoxCollider:
  m_ObjectHideFlags: 0
  m_CorrespondingSourceObject: {fileID: 0}
  m_PrefabInstance: {fileID: 0}
  m_PrefabAsset: {fileID: 0}
  m_GameObject: {fileID: 2352138645881447531}
  m_Material: {fileID: 0}
  m_IsTrigger: 0
  m_Enabled: 1
  serializedVersion: 2
  m_Size: {x: 4.509512, y: 1, z: 0.6734376}
  m_Center: {x: -1.0157219, y: 0, z: -1.94}
--- !u!1 &8636235753930753799
GameObject:
  m_ObjectHideFlags: 0
  m_CorrespondingSourceObject: {fileID: 0}
  m_PrefabInstance: {fileID: 0}
  m_PrefabAsset: {fileID: 0}
  serializedVersion: 6
  m_Component:
  - component: {fileID: 8036335365562040145}
  - component: {fileID: 1984544564246128269}
  m_Layer: 22
  m_Name: Collider
  m_TagString: Untagged
  m_Icon: {fileID: 0}
  m_NavMeshLayer: 0
  m_StaticEditorFlags: 60
  m_IsActive: 1
--- !u!4 &8036335365562040145
Transform:
  m_ObjectHideFlags: 0
  m_CorrespondingSourceObject: {fileID: 0}
  m_PrefabInstance: {fileID: 0}
  m_PrefabAsset: {fileID: 0}
  m_GameObject: {fileID: 8636235753930753799}
  m_LocalRotation: {x: 7.1054274e-15, y: -0.000000021242634, z: -0.13038637, w: 0.9914633}
  m_LocalPosition: {x: 0.81729037, y: 1.673095, z: -0.0000000070075106}
  m_LocalScale: {x: 1, y: 1, z: 1}
  m_Children: []
  m_Father: {fileID: 4204657150953886927}
  m_RootOrder: 0
  m_LocalEulerAnglesHint: {x: 0, y: 0, z: -14.984001}
--- !u!65 &1984544564246128269
BoxCollider:
  m_ObjectHideFlags: 0
  m_CorrespondingSourceObject: {fileID: 0}
  m_PrefabInstance: {fileID: 0}
  m_PrefabAsset: {fileID: 0}
  m_GameObject: {fileID: 8636235753930753799}
  m_Material: {fileID: 0}
  m_IsTrigger: 0
  m_Enabled: 1
  serializedVersion: 2
  m_Size: {x: 1, y: 1, z: 0.46}
  m_Center: {x: 0.71, y: -2.76, z: 0}
--- !u!1001 &1721249200908102743
PrefabInstance:
  m_ObjectHideFlags: 0
  serializedVersion: 2
  m_Modification:
    m_TransformParent: {fileID: 0}
    m_Modifications:
    - target: {fileID: -927199367670048503, guid: 3d96d64cc81c30c489db2c24914eb43d,
        type: 3}
      propertyPath: m_Name
      value: BridgeIntact Variant
      objectReference: {fileID: 0}
    - target: {fileID: -927199367670048503, guid: 3d96d64cc81c30c489db2c24914eb43d,
        type: 3}
      propertyPath: m_StaticEditorFlags
      value: 60
      objectReference: {fileID: 0}
    - target: {fileID: -1310186112538093213, guid: 3d96d64cc81c30c489db2c24914eb43d,
        type: 3}
      propertyPath: m_StaticEditorFlags
      value: 60
      objectReference: {fileID: 0}
    - target: {fileID: -6287836789983732601, guid: 3d96d64cc81c30c489db2c24914eb43d,
        type: 3}
      propertyPath: m_Layer
      value: 22
      objectReference: {fileID: 0}
    - target: {fileID: -6287836789983732601, guid: 3d96d64cc81c30c489db2c24914eb43d,
        type: 3}
      propertyPath: m_StaticEditorFlags
      value: 60
      objectReference: {fileID: 0}
    - target: {fileID: -4234716062821710240, guid: 3d96d64cc81c30c489db2c24914eb43d,
        type: 3}
      propertyPath: m_StaticEditorFlags
      value: 60
      objectReference: {fileID: 0}
    - target: {fileID: 8152493775193411352, guid: 3d96d64cc81c30c489db2c24914eb43d,
        type: 3}
      propertyPath: m_StaticEditorFlags
      value: 60
      objectReference: {fileID: 0}
    - target: {fileID: -4216859302048453862, guid: 3d96d64cc81c30c489db2c24914eb43d,
        type: 3}
      propertyPath: m_LocalPosition.x
      value: 0
      objectReference: {fileID: 0}
    - target: {fileID: -4216859302048453862, guid: 3d96d64cc81c30c489db2c24914eb43d,
        type: 3}
      propertyPath: m_LocalPosition.y
      value: 0
      objectReference: {fileID: 0}
    - target: {fileID: -4216859302048453862, guid: 3d96d64cc81c30c489db2c24914eb43d,
        type: 3}
      propertyPath: m_LocalPosition.z
      value: 0
      objectReference: {fileID: 0}
    - target: {fileID: -4216859302048453862, guid: 3d96d64cc81c30c489db2c24914eb43d,
        type: 3}
      propertyPath: m_LocalRotation.x
      value: 0
      objectReference: {fileID: 0}
    - target: {fileID: -4216859302048453862, guid: 3d96d64cc81c30c489db2c24914eb43d,
        type: 3}
      propertyPath: m_LocalRotation.y
      value: 0
      objectReference: {fileID: 0}
    - target: {fileID: -4216859302048453862, guid: 3d96d64cc81c30c489db2c24914eb43d,
        type: 3}
      propertyPath: m_LocalRotation.z
      value: 0
      objectReference: {fileID: 0}
    - target: {fileID: -4216859302048453862, guid: 3d96d64cc81c30c489db2c24914eb43d,
        type: 3}
      propertyPath: m_LocalRotation.w
      value: 1
      objectReference: {fileID: 0}
    - target: {fileID: -4216859302048453862, guid: 3d96d64cc81c30c489db2c24914eb43d,
        type: 3}
      propertyPath: m_RootOrder
      value: 0
      objectReference: {fileID: 0}
    - target: {fileID: -4216859302048453862, guid: 3d96d64cc81c30c489db2c24914eb43d,
        type: 3}
      propertyPath: m_LocalEulerAnglesHint.x
      value: 0
      objectReference: {fileID: 0}
    - target: {fileID: -4216859302048453862, guid: 3d96d64cc81c30c489db2c24914eb43d,
        type: 3}
      propertyPath: m_LocalEulerAnglesHint.y
      value: 0
      objectReference: {fileID: 0}
    - target: {fileID: -4216859302048453862, guid: 3d96d64cc81c30c489db2c24914eb43d,
        type: 3}
      propertyPath: m_LocalEulerAnglesHint.z
      value: 0
      objectReference: {fileID: 0}
    - target: {fileID: 5552343918351836613, guid: 3d96d64cc81c30c489db2c24914eb43d,
        type: 3}
      propertyPath: m_Materials.Array.data[0]
      value: 
      objectReference: {fileID: 2100000, guid: 68a7c09ccf65b214799ad332718033ff, type: 2}
    - target: {fileID: -615604481239634172, guid: 3d96d64cc81c30c489db2c24914eb43d,
        type: 3}
      propertyPath: m_Materials.Array.data[0]
      value: 
      objectReference: {fileID: 2100000, guid: 68a7c09ccf65b214799ad332718033ff, type: 2}
    - target: {fileID: -1713008777898396493, guid: 3d96d64cc81c30c489db2c24914eb43d,
        type: 3}
      propertyPath: m_Materials.Array.data[0]
      value: 
      objectReference: {fileID: 2100000, guid: 9732cd0d194efa74e9ef6fb07c60d92a, type: 2}
    m_RemovedComponents:
    - {fileID: -6057140222963153312, guid: 3d96d64cc81c30c489db2c24914eb43d, type: 3}
  m_SourcePrefab: {fileID: 100100000, guid: 3d96d64cc81c30c489db2c24914eb43d, type: 3}
--- !u!4 &5951981663986960205 stripped
Transform:
  m_CorrespondingSourceObject: {fileID: -4216859302048453862, guid: 3d96d64cc81c30c489db2c24914eb43d,
    type: 3}
  m_PrefabInstance: {fileID: 1721249200908102743}
  m_PrefabAsset: {fileID: 0}
--- !u!1 &4566094526811107536 stripped
GameObject:
  m_CorrespondingSourceObject: {fileID: -6287836789983732601, guid: 3d96d64cc81c30c489db2c24914eb43d,
    type: 3}
  m_PrefabInstance: {fileID: 1721249200908102743}
  m_PrefabAsset: {fileID: 0}
--- !u!1 &7404026511708250959 stripped
GameObject:
  m_CorrespondingSourceObject: {fileID: 8152493775193411352, guid: 3d96d64cc81c30c489db2c24914eb43d,
    type: 3}
  m_PrefabInstance: {fileID: 1721249200908102743}
  m_PrefabAsset: {fileID: 0}
--- !u!4 &4204657150953886927 stripped
Transform:
  m_CorrespondingSourceObject: {fileID: -5928168254548412264, guid: 3d96d64cc81c30c489db2c24914eb43d,
    type: 3}
  m_PrefabInstance: {fileID: 1721249200908102743}
  m_PrefabAsset: {fileID: 0}
