%YAML 1.1
%TAG !u! tag:unity3d.com,2011:
--- !u!1 &4927403906184982725
GameObject:
  m_ObjectHideFlags: 0
  m_CorrespondingSourceObject: {fileID: 0}
  m_PrefabInstance: {fileID: 0}
  m_PrefabAsset: {fileID: 0}
  serializedVersion: 6
  m_Component:
  - component: {fileID: 1605974575396620818}
  - component: {fileID: 1751213058015477626}
  - component: {fileID: 2835629261467760951}
  - component: {fileID: 8221621028369460487}
  - component: {fileID: 3404479778978795970}
  m_Layer: 22
  m_Name: Collider
  m_TagString: Untagged
  m_Icon: {fileID: 0}
  m_NavMeshLayer: 0
  m_StaticEditorFlags: 28
  m_IsActive: 1
--- !u!4 &1605974575396620818
Transform:
  m_ObjectHideFlags: 0
  m_CorrespondingSourceObject: {fileID: 0}
  m_PrefabInstance: {fileID: 0}
  m_PrefabAsset: {fileID: 0}
  m_GameObject: {fileID: 4927403906184982725}
  m_LocalRotation: {x: 0, y: 0, z: 0, w: 1}
  m_LocalPosition: {x: 0, y: 0, z: 0}
  m_LocalScale: {x: 1, y: 1, z: 1}
  m_Children: []
  m_Father: {fileID: 7584453957863117866}
  m_RootOrder: 2
  m_LocalEulerAnglesHint: {x: 0, y: 0, z: 0}
--- !u!65 &1751213058015477626
BoxCollider:
  m_ObjectHideFlags: 0
  m_CorrespondingSourceObject: {fileID: 0}
  m_PrefabInstance: {fileID: 0}
  m_PrefabAsset: {fileID: 0}
  m_GameObject: {fileID: 4927403906184982725}
  m_Material: {fileID: 0}
  m_IsTrigger: 0
  m_Enabled: 1
  serializedVersion: 2
  m_Size: {x: 0.7659515, y: 0.18318653, z: 3.8744628}
  m_Center: {x: 1.0214264, y: 0.052152634, z: 0.04848659}
--- !u!65 &2835629261467760951
BoxCollider:
  m_ObjectHideFlags: 0
  m_CorrespondingSourceObject: {fileID: 0}
  m_PrefabInstance: {fileID: 0}
  m_PrefabAsset: {fileID: 0}
  m_GameObject: {fileID: 4927403906184982725}
  m_Material: {fileID: 0}
  m_IsTrigger: 0
  m_Enabled: 1
  serializedVersion: 2
  m_Size: {x: 1.1647513, y: 0.40788937, z: 3.2977333}
  m_Center: {x: 0.082375646, y: 0.16614032, z: 0.037375152}
--- !u!65 &8221621028369460487
BoxCollider:
  m_ObjectHideFlags: 0
  m_CorrespondingSourceObject: {fileID: 0}
  m_PrefabInstance: {fileID: 0}
  m_PrefabAsset: {fileID: 0}
  m_GameObject: {fileID: 4927403906184982725}
  m_Material: {fileID: 0}
  m_IsTrigger: 0
  m_Enabled: 1
  serializedVersion: 2
  m_Size: {x: 1.5898347, y: 1.673192, z: 0.69075394}
  m_Center: {x: -0.8449173, y: 0.7527356, z: 2.0453782}
--- !u!65 &3404479778978795970
BoxCollider:
  m_ObjectHideFlags: 0
  m_CorrespondingSourceObject: {fileID: 0}
  m_PrefabInstance: {fileID: 0}
  m_PrefabAsset: {fileID: 0}
  m_GameObject: {fileID: 4927403906184982725}
  m_Material: {fileID: 0}
  m_IsTrigger: 0
  m_Enabled: 1
  serializedVersion: 2
  m_Size: {x: 1.5898347, y: 1.673192, z: 0.69075394}
  m_Center: {x: -0.8449173, y: 0.7527356, z: -1.93}
--- !u!1 &6429202250011686493
GameObject:
  m_ObjectHideFlags: 0
  m_CorrespondingSourceObject: {fileID: 0}
  m_PrefabInstance: {fileID: 0}
  m_PrefabAsset: {fileID: 0}
  serializedVersion: 6
  m_Component:
  - component: {fileID: 2825208431615846970}
  - component: {fileID: 6992642517734006365}
  m_Layer: 22
  m_Name: Collider Rotated
  m_TagString: Untagged
  m_Icon: {fileID: 0}
  m_NavMeshLayer: 0
  m_StaticEditorFlags: 28
  m_IsActive: 1
--- !u!4 &2825208431615846970
Transform:
  m_ObjectHideFlags: 0
  m_CorrespondingSourceObject: {fileID: 0}
  m_PrefabInstance: {fileID: 0}
  m_PrefabAsset: {fileID: 0}
  m_GameObject: {fileID: 6429202250011686493}
  m_LocalRotation: {x: -0, y: -0, z: -0.17932098, w: 0.98379064}
  m_LocalPosition: {x: -0.181041, y: -0.135, z: 0}
  m_LocalScale: {x: 1, y: 1, z: 1}
  m_Children: []
  m_Father: {fileID: 7584453957863117866}
  m_RootOrder: 3
  m_LocalEulerAnglesHint: {x: 0, y: 0, z: -20.660002}
--- !u!65 &6992642517734006365
BoxCollider:
  m_ObjectHideFlags: 0
  m_CorrespondingSourceObject: {fileID: 0}
  m_PrefabInstance: {fileID: 0}
  m_PrefabAsset: {fileID: 0}
  m_GameObject: {fileID: 6429202250011686493}
  m_Material: {fileID: 0}
  m_IsTrigger: 0
  m_Enabled: 1
  serializedVersion: 2
  m_Size: {x: 1.39, y: 0.26, z: 3.72}
  m_Center: {x: -0.84, y: 0.36, z: 0}
--- !u!1001 &3187370402022506288
PrefabInstance:
  m_ObjectHideFlags: 0
  serializedVersion: 2
  m_Modification:
    m_TransformParent: {fileID: 0}
    m_Modifications:
    - target: {fileID: -927199367670048503, guid: c0e99c6cf73173149a8361a8719f3a37,
        type: 3}
      propertyPath: m_Name
      value: BridgeStepsFront Variant
      objectReference: {fileID: 0}
    - target: {fileID: -927199367670048503, guid: c0e99c6cf73173149a8361a8719f3a37,
        type: 3}
      propertyPath: m_StaticEditorFlags
      value: 28
      objectReference: {fileID: 0}
    - target: {fileID: -1310186112538093213, guid: c0e99c6cf73173149a8361a8719f3a37,
        type: 3}
      propertyPath: m_StaticEditorFlags
      value: 28
      objectReference: {fileID: 0}
    - target: {fileID: 8152493775193411352, guid: c0e99c6cf73173149a8361a8719f3a37,
        type: 3}
      propertyPath: m_StaticEditorFlags
      value: 28
      objectReference: {fileID: 0}
    - target: {fileID: -4216859302048453862, guid: c0e99c6cf73173149a8361a8719f3a37,
        type: 3}
      propertyPath: m_LocalPosition.x
      value: 0
      objectReference: {fileID: 0}
    - target: {fileID: -4216859302048453862, guid: c0e99c6cf73173149a8361a8719f3a37,
        type: 3}
      propertyPath: m_LocalPosition.y
      value: 0
      objectReference: {fileID: 0}
    - target: {fileID: -4216859302048453862, guid: c0e99c6cf73173149a8361a8719f3a37,
        type: 3}
      propertyPath: m_LocalPosition.z
      value: 0
      objectReference: {fileID: 0}
    - target: {fileID: -4216859302048453862, guid: c0e99c6cf73173149a8361a8719f3a37,
        type: 3}
      propertyPath: m_LocalRotation.x
      value: 0
      objectReference: {fileID: 0}
    - target: {fileID: -4216859302048453862, guid: c0e99c6cf73173149a8361a8719f3a37,
        type: 3}
      propertyPath: m_LocalRotation.y
      value: 0
      objectReference: {fileID: 0}
    - target: {fileID: -4216859302048453862, guid: c0e99c6cf73173149a8361a8719f3a37,
        type: 3}
      propertyPath: m_LocalRotation.z
      value: 0
      objectReference: {fileID: 0}
    - target: {fileID: -4216859302048453862, guid: c0e99c6cf73173149a8361a8719f3a37,
        type: 3}
      propertyPath: m_LocalRotation.w
      value: 1
      objectReference: {fileID: 0}
    - target: {fileID: -4216859302048453862, guid: c0e99c6cf73173149a8361a8719f3a37,
        type: 3}
      propertyPath: m_RootOrder
      value: 0
      objectReference: {fileID: 0}
    - target: {fileID: -4216859302048453862, guid: c0e99c6cf73173149a8361a8719f3a37,
        type: 3}
      propertyPath: m_LocalEulerAnglesHint.x
      value: 0
      objectReference: {fileID: 0}
    - target: {fileID: -4216859302048453862, guid: c0e99c6cf73173149a8361a8719f3a37,
        type: 3}
      propertyPath: m_LocalEulerAnglesHint.y
      value: 0
      objectReference: {fileID: 0}
    - target: {fileID: -4216859302048453862, guid: c0e99c6cf73173149a8361a8719f3a37,
        type: 3}
      propertyPath: m_LocalEulerAnglesHint.z
      value: 0
      objectReference: {fileID: 0}
    - target: {fileID: -1713008777898396493, guid: c0e99c6cf73173149a8361a8719f3a37,
        type: 3}
      propertyPath: m_Materials.Array.data[0]
      value: 
      objectReference: {fileID: 2100000, guid: 68a7c09ccf65b214799ad332718033ff, type: 2}
    m_RemovedComponents: []
  m_SourcePrefab: {fileID: 100100000, guid: c0e99c6cf73173149a8361a8719f3a37, type: 3}
--- !u!4 &7584453957863117866 stripped
Transform:
  m_CorrespondingSourceObject: {fileID: -4216859302048453862, guid: c0e99c6cf73173149a8361a8719f3a37,
    type: 3}
  m_PrefabInstance: {fileID: 3187370402022506288}
  m_PrefabAsset: {fileID: 0}
