%YAML 1.1
%TAG !u! tag:unity3d.com,2011:
--- !u!1 &699234219908388325
GameObject:
  m_ObjectHideFlags: 0
  m_CorrespondingSourceObject: {fileID: 0}
  m_PrefabInstance: {fileID: 0}
  m_PrefabAsset: {fileID: 0}
  serializedVersion: 6
  m_Component:
  - component: {fileID: 2703643956874130568}
  m_Layer: 0
  m_Name: Building 1
  m_TagString: Untagged
  m_Icon: {fileID: 0}
  m_NavMeshLayer: 0
  m_StaticEditorFlags: 4294967295
  m_IsActive: 1
--- !u!4 &2703643956874130568
Transform:
  m_ObjectHideFlags: 0
  m_CorrespondingSourceObject: {fileID: 0}
  m_PrefabInstance: {fileID: 0}
  m_PrefabAsset: {fileID: 0}
  m_GameObject: {fileID: 699234219908388325}
  m_LocalRotation: {x: 0, y: 0, z: 0, w: 1}
  m_LocalPosition: {x: 0, y: 0, z: 0}
  m_LocalScale: {x: 1, y: 1, z: 1}
  m_Children:
  - {fileID: 4056578855499070622}
  - {fileID: 6457328165965360406}
  m_Father: {fileID: 0}
  m_RootOrder: 0
  m_LocalEulerAnglesHint: {x: 0, y: 0, z: 0}
--- !u!1 &3376978255601387723
GameObject:
  m_ObjectHideFlags: 0
  m_CorrespondingSourceObject: {fileID: 0}
  m_PrefabInstance: {fileID: 0}
  m_PrefabAsset: {fileID: 0}
  serializedVersion: 6
  m_Component:
  - component: {fileID: 4056578855499070622}
  - component: {fileID: 7955740102054077680}
  - component: {fileID: 2287233790751775874}
  m_Layer: 28
  m_Name: Colliders
  m_TagString: Untagged
  m_Icon: {fileID: 0}
  m_NavMeshLayer: 0
  m_StaticEditorFlags: 0
  m_IsActive: 1
--- !u!4 &4056578855499070622
Transform:
  m_ObjectHideFlags: 0
  m_CorrespondingSourceObject: {fileID: 0}
  m_PrefabInstance: {fileID: 0}
  m_PrefabAsset: {fileID: 0}
  m_GameObject: {fileID: 3376978255601387723}
  m_LocalRotation: {x: 0, y: 0, z: 0, w: 1}
  m_LocalPosition: {x: 0, y: 0.6, z: 0}
  m_LocalScale: {x: 1.1441, y: 1.1441, z: 1.1441}
  m_Children: []
  m_Father: {fileID: 2703643956874130568}
  m_RootOrder: 0
  m_LocalEulerAnglesHint: {x: 0, y: 0, z: 0}
--- !u!65 &7955740102054077680
BoxCollider:
  m_ObjectHideFlags: 0
  m_CorrespondingSourceObject: {fileID: 0}
  m_PrefabInstance: {fileID: 0}
  m_PrefabAsset: {fileID: 0}
  m_GameObject: {fileID: 3376978255601387723}
  m_Material: {fileID: 0}
  m_IsTrigger: 0
  m_Enabled: 1
  serializedVersion: 2
  m_Size: {x: 8.644512, y: 4.8022375, z: 9.126995}
  m_Center: {x: -0.03646493, y: 2.4011188, z: -0.042824745}
--- !u!65 &2287233790751775874
BoxCollider:
  m_ObjectHideFlags: 0
  m_CorrespondingSourceObject: {fileID: 0}
  m_PrefabInstance: {fileID: 0}
  m_PrefabAsset: {fileID: 0}
  m_GameObject: {fileID: 3376978255601387723}
  m_Material: {fileID: 0}
  m_IsTrigger: 0
  m_Enabled: 1
  serializedVersion: 2
  m_Size: {x: 10.6861315, y: 7.7741814, z: 11.001893}
  m_Center: {x: 0.007917881, y: 8.029501, z: 0.015765667}
--- !u!1001 &3135953136764427848
PrefabInstance:
  m_ObjectHideFlags: 0
  serializedVersion: 2
  m_Modification:
    m_TransformParent: {fileID: 2703643956874130568}
    m_Modifications:
    - target: {fileID: 4918903699968229709, guid: ea953910b680d8f42aa6f5ba284918fb,
        type: 3}
      propertyPath: m_Name
      value: temple 2
      objectReference: {fileID: 0}
    - target: {fileID: 8221370608112431966, guid: ea953910b680d8f42aa6f5ba284918fb,
        type: 3}
      propertyPath: m_LocalPosition.x
      value: 0
      objectReference: {fileID: 0}
    - target: {fileID: 8221370608112431966, guid: ea953910b680d8f42aa6f5ba284918fb,
        type: 3}
      propertyPath: m_LocalPosition.y
      value: 9.52
      objectReference: {fileID: 0}
    - target: {fileID: 8221370608112431966, guid: ea953910b680d8f42aa6f5ba284918fb,
        type: 3}
      propertyPath: m_LocalPosition.z
      value: 0
      objectReference: {fileID: 0}
    - target: {fileID: 8221370608112431966, guid: ea953910b680d8f42aa6f5ba284918fb,
        type: 3}
      propertyPath: m_LocalRotation.x
      value: 0
      objectReference: {fileID: 0}
    - target: {fileID: 8221370608112431966, guid: ea953910b680d8f42aa6f5ba284918fb,
        type: 3}
      propertyPath: m_LocalRotation.y
      value: 0
      objectReference: {fileID: 0}
    - target: {fileID: 8221370608112431966, guid: ea953910b680d8f42aa6f5ba284918fb,
        type: 3}
      propertyPath: m_LocalRotation.z
      value: 0
      objectReference: {fileID: 0}
    - target: {fileID: 8221370608112431966, guid: ea953910b680d8f42aa6f5ba284918fb,
        type: 3}
      propertyPath: m_LocalRotation.w
      value: 1
      objectReference: {fileID: 0}
    - target: {fileID: 8221370608112431966, guid: ea953910b680d8f42aa6f5ba284918fb,
        type: 3}
      propertyPath: m_RootOrder
      value: 1
      objectReference: {fileID: 0}
    - target: {fileID: 8221370608112431966, guid: ea953910b680d8f42aa6f5ba284918fb,
        type: 3}
      propertyPath: m_LocalEulerAnglesHint.x
      value: 0
      objectReference: {fileID: 0}
    - target: {fileID: 8221370608112431966, guid: ea953910b680d8f42aa6f5ba284918fb,
        type: 3}
      propertyPath: m_LocalEulerAnglesHint.y
      value: 0
      objectReference: {fileID: 0}
    - target: {fileID: 8221370608112431966, guid: ea953910b680d8f42aa6f5ba284918fb,
        type: 3}
      propertyPath: m_LocalEulerAnglesHint.z
      value: 0
      objectReference: {fileID: 0}
    - target: {fileID: 8221370608112431966, guid: ea953910b680d8f42aa6f5ba284918fb,
        type: 3}
      propertyPath: m_LocalScale.x
      value: 0.07709591
      objectReference: {fileID: 0}
    - target: {fileID: 8221370608112431966, guid: ea953910b680d8f42aa6f5ba284918fb,
        type: 3}
      propertyPath: m_LocalScale.y
      value: 0.07709591
      objectReference: {fileID: 0}
    - target: {fileID: 8221370608112431966, guid: ea953910b680d8f42aa6f5ba284918fb,
        type: 3}
      propertyPath: m_LocalScale.z
      value: 0.07709591
      objectReference: {fileID: 0}
    m_RemovedComponents: []
  m_SourcePrefab: {fileID: 100100000, guid: ea953910b680d8f42aa6f5ba284918fb, type: 3}
--- !u!4 &6457328165965360406 stripped
Transform:
  m_CorrespondingSourceObject: {fileID: 8221370608112431966, guid: ea953910b680d8f42aa6f5ba284918fb,
    type: 3}
  m_PrefabInstance: {fileID: 3135953136764427848}
  m_PrefabAsset: {fileID: 0}
