%YAML 1.1
%TAG !u! tag:unity3d.com,2011:
--- !u!1 &5036127756119386721
GameObject:
  m_ObjectHideFlags: 0
  m_CorrespondingSourceObject: {fileID: 0}
  m_PrefabInstance: {fileID: 0}
  m_PrefabAsset: {fileID: 0}
  serializedVersion: 6
  m_Component:
  - component: {fileID: 6557180780442694456}
  m_Layer: 0
  m_Name: Lantern
  m_TagString: Untagged
  m_Icon: {fileID: 0}
  m_NavMeshLayer: 0
  m_StaticEditorFlags: 0
  m_IsActive: 1
--- !u!4 &6557180780442694456
Transform:
  m_ObjectHideFlags: 0
  m_CorrespondingSourceObject: {fileID: 0}
  m_PrefabInstance: {fileID: 0}
  m_PrefabAsset: {fileID: 0}
  m_GameObject: {fileID: 5036127756119386721}
  m_LocalRotation: {x: 0, y: 0, z: 0, w: 1}
  m_LocalPosition: {x: 2.7969992, y: 3.3099995, z: -1.0279993}
  m_LocalScale: {x: 0.45321018, y: 0.45321, z: 0.45321018}
  m_Children:
  - {fileID: 6841909649154571941}
  m_Father: {fileID: 6841909648008175333}
  m_RootOrder: 2
  m_LocalEulerAnglesHint: {x: 0, y: 0, z: 0}
--- !u!1 &6841909647329965048
GameObject:
  m_ObjectHideFlags: 0
  m_CorrespondingSourceObject: {fileID: 0}
  m_PrefabInstance: {fileID: 0}
  m_PrefabAsset: {fileID: 0}
  serializedVersion: 6
  m_Component:
  - component: {fileID: 6841909647329965049}
  - component: {fileID: 6841909647329965053}
  - component: {fileID: 6841909647329965052}
  - component: {fileID: 6841909647329965055}
  - component: {fileID: 6841909647329965054}
  m_Layer: 0
  m_Name: Cylinder
  m_TagString: Untagged
  m_Icon: {fileID: 0}
  m_NavMeshLayer: 0
  m_StaticEditorFlags: 0
  m_IsActive: 1
--- !u!4 &6841909647329965049
Transform:
  m_ObjectHideFlags: 0
  m_CorrespondingSourceObject: {fileID: 0}
  m_PrefabInstance: {fileID: 0}
  m_PrefabAsset: {fileID: 0}
  m_GameObject: {fileID: 6841909647329965048}
  m_LocalRotation: {x: -0.052553926, y: 0.17523181, z: -0.28242144, w: 0.9416847}
  m_LocalPosition: {x: 0.79400015, y: 0.44000006, z: -0.50699997}
  m_LocalScale: {x: 0.13120133, y: 3.887034, z: 0.13120133}
  m_Children: []
  m_Father: {fileID: 6841909648008175333}
  m_RootOrder: 0
  m_LocalEulerAnglesHint: {x: 0, y: 21.082, z: -33.389}
--- !u!33 &6841909647329965053
MeshFilter:
  m_ObjectHideFlags: 0
  m_CorrespondingSourceObject: {fileID: 0}
  m_PrefabInstance: {fileID: 0}
  m_PrefabAsset: {fileID: 0}
  m_GameObject: {fileID: 6841909647329965048}
  m_Mesh: {fileID: 0}
--- !u!23 &6841909647329965052
MeshRenderer:
  m_ObjectHideFlags: 0
  m_CorrespondingSourceObject: {fileID: 0}
  m_PrefabInstance: {fileID: 0}
  m_PrefabAsset: {fileID: 0}
  m_GameObject: {fileID: 6841909647329965048}
  m_Enabled: 1
  m_CastShadows: 1
  m_ReceiveShadows: 1
  m_DynamicOccludee: 1
  m_MotionVectors: 1
  m_LightProbeUsage: 1
  m_ReflectionProbeUsage: 1
  m_RenderingLayerMask: 1
  m_RendererPriority: 0
  m_Materials:
  - {fileID: 2100000, guid: ec0f54a287c7d8343adcae98b0110bd1, type: 2}
  m_StaticBatchInfo:
    firstSubMesh: 0
    subMeshCount: 0
  m_StaticBatchRoot: {fileID: 0}
  m_ProbeAnchor: {fileID: 0}
  m_LightProbeVolumeOverride: {fileID: 0}
  m_ScaleInLightmap: 1
  m_ReceiveGI: 1
  m_PreserveUVs: 0
  m_IgnoreNormalsForChartDetection: 0
  m_ImportantGI: 0
  m_StitchLightmapSeams: 1
  m_SelectedEditorRenderState: 2
  m_MinimumChartSize: 4
  m_AutoUVMaxDistance: 0.5
  m_AutoUVMaxAngle: 89
  m_LightmapParameters: {fileID: 0}
  m_SortingLayerID: 0
  m_SortingLayer: 0
  m_SortingOrder: 0
--- !u!114 &6841909647329965055
MonoBehaviour:
  m_ObjectHideFlags: 0
  m_CorrespondingSourceObject: {fileID: 0}
  m_PrefabInstance: {fileID: 0}
  m_PrefabAsset: {fileID: 0}
  m_GameObject: {fileID: 6841909647329965048}
  m_Enabled: 1
  m_EditorHideFlags: 0
  m_Script: {fileID: 11500000, guid: 8233d90336aea43098adf6dbabd606a2, type: 3}
  m_Name: 
  m_EditorClassIdentifier: 
  m_MeshFormatVersion: 1
  m_Faces:
  - m_Indexes: 000000000100000002000000010000000300000002000000
    m_SmoothingGroup: 1
    m_Uv:
      m_UseWorldSpace: 0
      m_FlipU: 0
      m_FlipV: 0
      m_SwapUV: 0
      m_Fill: 1
      m_Scale: {x: 1, y: 1}
      m_Offset: {x: 0, y: 0}
      m_Rotation: 0
      m_Anchor: 9
    m_Material: {fileID: 0}
    m_SubmeshIndex: 0
    m_ManualUV: 0
    elementGroup: -1
    m_TextureGroup: -1
  - m_Indexes: 040000000500000006000000050000000700000006000000
    m_SmoothingGroup: 1
    m_Uv:
      m_UseWorldSpace: 0
      m_FlipU: 0
      m_FlipV: 0
      m_SwapUV: 0
      m_Fill: 1
      m_Scale: {x: 1, y: 1}
      m_Offset: {x: 0, y: 0}
      m_Rotation: 0
      m_Anchor: 9
    m_Material: {fileID: 0}
    m_SubmeshIndex: 0
    m_ManualUV: 0
    elementGroup: -1
    m_TextureGroup: -1
  - m_Indexes: 08000000090000000a000000090000000b0000000a000000
    m_SmoothingGroup: 1
    m_Uv:
      m_UseWorldSpace: 0
      m_FlipU: 0
      m_FlipV: 0
      m_SwapUV: 0
      m_Fill: 1
      m_Scale: {x: 1, y: 1}
      m_Offset: {x: 0, y: 0}
      m_Rotation: 0
      m_Anchor: 9
    m_Material: {fileID: 0}
    m_SubmeshIndex: 0
    m_ManualUV: 0
    elementGroup: -1
    m_TextureGroup: -1
  - m_Indexes: 0c0000000d0000000e0000000d0000000f0000000e000000
    m_SmoothingGroup: 1
    m_Uv:
      m_UseWorldSpace: 0
      m_FlipU: 0
      m_FlipV: 0
      m_SwapUV: 0
      m_Fill: 1
      m_Scale: {x: 1, y: 1}
      m_Offset: {x: 0, y: 0}
      m_Rotation: 0
      m_Anchor: 9
    m_Material: {fileID: 0}
    m_SubmeshIndex: 0
    m_ManualUV: 0
    elementGroup: -1
    m_TextureGroup: -1
  - m_Indexes: 100000001100000012000000110000001300000012000000
    m_SmoothingGroup: 1
    m_Uv:
      m_UseWorldSpace: 0
      m_FlipU: 0
      m_FlipV: 0
      m_SwapUV: 0
      m_Fill: 1
      m_Scale: {x: 1, y: 1}
      m_Offset: {x: 0, y: 0}
      m_Rotation: 0
      m_Anchor: 9
    m_Material: {fileID: 0}
    m_SubmeshIndex: 0
    m_ManualUV: 0
    elementGroup: -1
    m_TextureGroup: -1
  - m_Indexes: 140000001500000016000000150000001700000016000000
    m_SmoothingGroup: 1
    m_Uv:
      m_UseWorldSpace: 0
      m_FlipU: 0
      m_FlipV: 0
      m_SwapUV: 0
      m_Fill: 1
      m_Scale: {x: 1, y: 1}
      m_Offset: {x: 0, y: 0}
      m_Rotation: 0
      m_Anchor: 9
    m_Material: {fileID: 0}
    m_SubmeshIndex: 0
    m_ManualUV: 0
    elementGroup: -1
    m_TextureGroup: -1
  - m_Indexes: 18000000190000001a000000190000001b0000001a000000
    m_SmoothingGroup: 1
    m_Uv:
      m_UseWorldSpace: 0
      m_FlipU: 0
      m_FlipV: 0
      m_SwapUV: 0
      m_Fill: 1
      m_Scale: {x: 1, y: 1}
      m_Offset: {x: 0, y: 0}
      m_Rotation: 0
      m_Anchor: 9
    m_Material: {fileID: 0}
    m_SubmeshIndex: 0
    m_ManualUV: 0
    elementGroup: -1
    m_TextureGroup: -1
  - m_Indexes: 1c0000001d0000001e0000001d0000001f0000001e000000
    m_SmoothingGroup: 1
    m_Uv:
      m_UseWorldSpace: 0
      m_FlipU: 0
      m_FlipV: 0
      m_SwapUV: 0
      m_Fill: 1
      m_Scale: {x: 1, y: 1}
      m_Offset: {x: 0, y: 0}
      m_Rotation: 0
      m_Anchor: 9
    m_Material: {fileID: 0}
    m_SubmeshIndex: 0
    m_ManualUV: 0
    elementGroup: -1
    m_TextureGroup: -1
  - m_Indexes: 220000002100000020000000
    m_SmoothingGroup: 0
    m_Uv:
      m_UseWorldSpace: 0
      m_FlipU: 0
      m_FlipV: 0
      m_SwapUV: 0
      m_Fill: 1
      m_Scale: {x: 1, y: 1}
      m_Offset: {x: 0, y: 0}
      m_Rotation: 0
      m_Anchor: 9
    m_Material: {fileID: 2100000, guid: c22777d6e868e4f2fb421913386b154e, type: 2}
    m_SubmeshIndex: 0
    m_ManualUV: 0
    elementGroup: 0
    m_TextureGroup: -1
  - m_Indexes: 280000002700000026000000
    m_SmoothingGroup: 0
    m_Uv:
      m_UseWorldSpace: 0
      m_FlipU: 0
      m_FlipV: 0
      m_SwapUV: 0
      m_Fill: 1
      m_Scale: {x: 1, y: 1}
      m_Offset: {x: 0, y: 0}
      m_Rotation: 0
      m_Anchor: 9
    m_Material: {fileID: 2100000, guid: c22777d6e868e4f2fb421913386b154e, type: 2}
    m_SubmeshIndex: 0
    m_ManualUV: 0
    elementGroup: 0
    m_TextureGroup: -1
  - m_Indexes: 2e0000002d0000002c000000
    m_SmoothingGroup: 0
    m_Uv:
      m_UseWorldSpace: 0
      m_FlipU: 0
      m_FlipV: 0
      m_SwapUV: 0
      m_Fill: 1
      m_Scale: {x: 1, y: 1}
      m_Offset: {x: 0, y: 0}
      m_Rotation: 0
      m_Anchor: 9
    m_Material: {fileID: 2100000, guid: c22777d6e868e4f2fb421913386b154e, type: 2}
    m_SubmeshIndex: 0
    m_ManualUV: 0
    elementGroup: 0
    m_TextureGroup: -1
  - m_Indexes: 340000003300000032000000
    m_SmoothingGroup: 0
    m_Uv:
      m_UseWorldSpace: 0
      m_FlipU: 0
      m_FlipV: 0
      m_SwapUV: 0
      m_Fill: 1
      m_Scale: {x: 1, y: 1}
      m_Offset: {x: 0, y: 0}
      m_Rotation: 0
      m_Anchor: 9
    m_Material: {fileID: 2100000, guid: c22777d6e868e4f2fb421913386b154e, type: 2}
    m_SubmeshIndex: 0
    m_ManualUV: 0
    elementGroup: 0
    m_TextureGroup: -1
  - m_Indexes: 3a0000003900000038000000
    m_SmoothingGroup: 0
    m_Uv:
      m_UseWorldSpace: 0
      m_FlipU: 0
      m_FlipV: 0
      m_SwapUV: 0
      m_Fill: 1
      m_Scale: {x: 1, y: 1}
      m_Offset: {x: 0, y: 0}
      m_Rotation: 0
      m_Anchor: 9
    m_Material: {fileID: 2100000, guid: c22777d6e868e4f2fb421913386b154e, type: 2}
    m_SubmeshIndex: 0
    m_ManualUV: 0
    elementGroup: 0
    m_TextureGroup: -1
  - m_Indexes: 400000003f0000003e000000
    m_SmoothingGroup: 0
    m_Uv:
      m_UseWorldSpace: 0
      m_FlipU: 0
      m_FlipV: 0
      m_SwapUV: 0
      m_Fill: 1
      m_Scale: {x: 1, y: 1}
      m_Offset: {x: 0, y: 0}
      m_Rotation: 0
      m_Anchor: 9
    m_Material: {fileID: 2100000, guid: c22777d6e868e4f2fb421913386b154e, type: 2}
    m_SubmeshIndex: 0
    m_ManualUV: 0
    elementGroup: 0
    m_TextureGroup: -1
  - m_Indexes: 460000004500000044000000
    m_SmoothingGroup: 0
    m_Uv:
      m_UseWorldSpace: 0
      m_FlipU: 0
      m_FlipV: 0
      m_SwapUV: 0
      m_Fill: 1
      m_Scale: {x: 1, y: 1}
      m_Offset: {x: 0, y: 0}
      m_Rotation: 0
      m_Anchor: 9
    m_Material: {fileID: 2100000, guid: c22777d6e868e4f2fb421913386b154e, type: 2}
    m_SubmeshIndex: 0
    m_ManualUV: 0
    elementGroup: 0
    m_TextureGroup: -1
  - m_Indexes: 4c0000004b0000004a000000
    m_SmoothingGroup: 0
    m_Uv:
      m_UseWorldSpace: 0
      m_FlipU: 0
      m_FlipV: 0
      m_SwapUV: 0
      m_Fill: 1
      m_Scale: {x: 1, y: 1}
      m_Offset: {x: 0, y: 0}
      m_Rotation: 0
      m_Anchor: 9
    m_Material: {fileID: 2100000, guid: c22777d6e868e4f2fb421913386b154e, type: 2}
    m_SubmeshIndex: 0
    m_ManualUV: 0
    elementGroup: 0
    m_TextureGroup: -1
  - m_Indexes: 230000002400000025000000
    m_SmoothingGroup: 0
    m_Uv:
      m_UseWorldSpace: 0
      m_FlipU: 0
      m_FlipV: 0
      m_SwapUV: 0
      m_Fill: 1
      m_Scale: {x: 1, y: 1}
      m_Offset: {x: 0, y: 0}
      m_Rotation: 0
      m_Anchor: 9
    m_Material: {fileID: 2100000, guid: c22777d6e868e4f2fb421913386b154e, type: 2}
    m_SubmeshIndex: 0
    m_ManualUV: 0
    elementGroup: 0
    m_TextureGroup: -1
  - m_Indexes: 290000002a0000002b000000
    m_SmoothingGroup: 0
    m_Uv:
      m_UseWorldSpace: 0
      m_FlipU: 0
      m_FlipV: 0
      m_SwapUV: 0
      m_Fill: 1
      m_Scale: {x: 1, y: 1}
      m_Offset: {x: 0, y: 0}
      m_Rotation: 0
      m_Anchor: 9
    m_Material: {fileID: 2100000, guid: c22777d6e868e4f2fb421913386b154e, type: 2}
    m_SubmeshIndex: 0
    m_ManualUV: 0
    elementGroup: 0
    m_TextureGroup: -1
  - m_Indexes: 2f0000003000000031000000
    m_SmoothingGroup: 0
    m_Uv:
      m_UseWorldSpace: 0
      m_FlipU: 0
      m_FlipV: 0
      m_SwapUV: 0
      m_Fill: 1
      m_Scale: {x: 1, y: 1}
      m_Offset: {x: 0, y: 0}
      m_Rotation: 0
      m_Anchor: 9
    m_Material: {fileID: 2100000, guid: c22777d6e868e4f2fb421913386b154e, type: 2}
    m_SubmeshIndex: 0
    m_ManualUV: 0
    elementGroup: 0
    m_TextureGroup: -1
  - m_Indexes: 350000003600000037000000
    m_SmoothingGroup: 0
    m_Uv:
      m_UseWorldSpace: 0
      m_FlipU: 0
      m_FlipV: 0
      m_SwapUV: 0
      m_Fill: 1
      m_Scale: {x: 1, y: 1}
      m_Offset: {x: 0, y: 0}
      m_Rotation: 0
      m_Anchor: 9
    m_Material: {fileID: 2100000, guid: c22777d6e868e4f2fb421913386b154e, type: 2}
    m_SubmeshIndex: 0
    m_ManualUV: 0
    elementGroup: 0
    m_TextureGroup: -1
  - m_Indexes: 3b0000003c0000003d000000
    m_SmoothingGroup: 0
    m_Uv:
      m_UseWorldSpace: 0
      m_FlipU: 0
      m_FlipV: 0
      m_SwapUV: 0
      m_Fill: 1
      m_Scale: {x: 1, y: 1}
      m_Offset: {x: 0, y: 0}
      m_Rotation: 0
      m_Anchor: 9
    m_Material: {fileID: 2100000, guid: c22777d6e868e4f2fb421913386b154e, type: 2}
    m_SubmeshIndex: 0
    m_ManualUV: 0
    elementGroup: 0
    m_TextureGroup: -1
  - m_Indexes: 410000004200000043000000
    m_SmoothingGroup: 0
    m_Uv:
      m_UseWorldSpace: 0
      m_FlipU: 0
      m_FlipV: 0
      m_SwapUV: 0
      m_Fill: 1
      m_Scale: {x: 1, y: 1}
      m_Offset: {x: 0, y: 0}
      m_Rotation: 0
      m_Anchor: 9
    m_Material: {fileID: 2100000, guid: c22777d6e868e4f2fb421913386b154e, type: 2}
    m_SubmeshIndex: 0
    m_ManualUV: 0
    elementGroup: 0
    m_TextureGroup: -1
  - m_Indexes: 470000004800000049000000
    m_SmoothingGroup: 0
    m_Uv:
      m_UseWorldSpace: 0
      m_FlipU: 0
      m_FlipV: 0
      m_SwapUV: 0
      m_Fill: 1
      m_Scale: {x: 1, y: 1}
      m_Offset: {x: 0, y: 0}
      m_Rotation: 0
      m_Anchor: 9
    m_Material: {fileID: 2100000, guid: c22777d6e868e4f2fb421913386b154e, type: 2}
    m_SubmeshIndex: 0
    m_ManualUV: 0
    elementGroup: 0
    m_TextureGroup: -1
  - m_Indexes: 4d0000004e0000004f000000
    m_SmoothingGroup: 0
    m_Uv:
      m_UseWorldSpace: 0
      m_FlipU: 0
      m_FlipV: 0
      m_SwapUV: 0
      m_Fill: 1
      m_Scale: {x: 1, y: 1}
      m_Offset: {x: 0, y: 0}
      m_Rotation: 0
      m_Anchor: 9
    m_Material: {fileID: 2100000, guid: c22777d6e868e4f2fb421913386b154e, type: 2}
    m_SubmeshIndex: 0
    m_ManualUV: 0
    elementGroup: 0
    m_TextureGroup: -1
  m_SharedVertices:
  - m_Vertices: 000000001e000000200000004c000000
  - m_Vertices: 010000001f000000230000004f000000
  - m_Vertices: 02000000040000002200000026000000
  - m_Vertices: 03000000050000002500000029000000
  - m_Vertices: 0600000008000000280000002c000000
  - m_Vertices: 07000000090000002b0000002f000000
  - m_Vertices: 0a0000000c0000002e00000032000000
  - m_Vertices: 0b0000000d0000003100000035000000
  - m_Vertices: 0e000000100000003400000038000000
  - m_Vertices: 0f00000011000000370000003b000000
  - m_Vertices: 12000000140000003a0000003e000000
  - m_Vertices: 13000000150000003d00000041000000
  - m_Vertices: 16000000180000004000000044000000
  - m_Vertices: 17000000190000004300000047000000
  - m_Vertices: 1a0000001c000000460000004a000000
  - m_Vertices: 1b0000001d000000490000004d000000
  - m_Vertices: 21000000270000002d00000033000000390000003f000000450000004b000000
  - m_Vertices: 240000002a00000030000000360000003c00000042000000480000004e000000
  m_SharedTextures: []
  m_Positions:
  - {x: 0, y: 0, z: 0}
  - {x: 0, y: 1, z: 0}
  - {x: -0.14644662, y: 0, z: 0.35355338}
  - {x: -0.14644662, y: 1, z: 0.35355338}
  - {x: -0.14644662, y: 0, z: 0.35355338}
  - {x: -0.14644662, y: 1, z: 0.35355338}
  - {x: -0.5, y: 0, z: 0.5}
  - {x: -0.5, y: 1, z: 0.5}
  - {x: -0.5, y: 0, z: 0.5}
  - {x: -0.5, y: 1, z: 0.5}
  - {x: -0.8535534, y: 0, z: 0.35355338}
  - {x: -0.8535534, y: 1, z: 0.35355338}
  - {x: -0.8535534, y: 0, z: 0.35355338}
  - {x: -0.8535534, y: 1, z: 0.35355338}
  - {x: -1, y: 0, z: -0.00000004371139}
  - {x: -1, y: 1, z: -0.00000004371139}
  - {x: -1, y: 0, z: -0.00000004371139}
  - {x: -1, y: 1, z: -0.00000004371139}
  - {x: -0.8535534, y: 0, z: -0.35355335}
  - {x: -0.8535534, y: 1, z: -0.35355335}
  - {x: -0.8535534, y: 0, z: -0.35355335}
  - {x: -0.8535534, y: 1, z: -0.35355335}
  - {x: -0.5, y: 0, z: -0.5}
  - {x: -0.5, y: 1, z: -0.5}
  - {x: -0.5, y: 0, z: -0.5}
  - {x: -0.5, y: 1, z: -0.5}
  - {x: -0.14644668, y: 0, z: -0.35355344}
  - {x: -0.14644668, y: 1, z: -0.35355344}
  - {x: -0.14644668, y: 0, z: -0.35355344}
  - {x: -0.14644668, y: 1, z: -0.35355344}
  - {x: 0, y: 0, z: 0}
  - {x: 0, y: 1, z: 0}
  - {x: 0, y: 0, z: 0}
  - {x: -0.5, y: 0, z: 0}
  - {x: -0.14644662, y: 0, z: 0.35355338}
  - {x: 0, y: 1, z: 0}
  - {x: -0.5, y: 1, z: 0}
  - {x: -0.14644662, y: 1, z: 0.35355338}
  - {x: -0.14644662, y: 0, z: 0.35355338}
  - {x: -0.5, y: 0, z: 0}
  - {x: -0.5, y: 0, z: 0.5}
  - {x: -0.14644662, y: 1, z: 0.35355338}
  - {x: -0.5, y: 1, z: 0}
  - {x: -0.5, y: 1, z: 0.5}
  - {x: -0.5, y: 0, z: 0.5}
  - {x: -0.5, y: 0, z: 0}
  - {x: -0.8535534, y: 0, z: 0.35355338}
  - {x: -0.5, y: 1, z: 0.5}
  - {x: -0.5, y: 1, z: 0}
  - {x: -0.8535534, y: 1, z: 0.35355338}
  - {x: -0.8535534, y: 0, z: 0.35355338}
  - {x: -0.5, y: 0, z: 0}
  - {x: -1, y: 0, z: -0.00000004371139}
  - {x: -0.8535534, y: 1, z: 0.35355338}
  - {x: -0.5, y: 1, z: 0}
  - {x: -1, y: 1, z: -0.00000004371139}
  - {x: -1, y: 0, z: -0.00000004371139}
  - {x: -0.5, y: 0, z: 0}
  - {x: -0.8535534, y: 0, z: -0.35355335}
  - {x: -1, y: 1, z: -0.00000004371139}
  - {x: -0.5, y: 1, z: 0}
  - {x: -0.8535534, y: 1, z: -0.35355335}
  - {x: -0.8535534, y: 0, z: -0.35355335}
  - {x: -0.5, y: 0, z: 0}
  - {x: -0.5, y: 0, z: -0.5}
  - {x: -0.8535534, y: 1, z: -0.35355335}
  - {x: -0.5, y: 1, z: 0}
  - {x: -0.5, y: 1, z: -0.5}
  - {x: -0.5, y: 0, z: -0.5}
  - {x: -0.5, y: 0, z: 0}
  - {x: -0.14644668, y: 0, z: -0.35355344}
  - {x: -0.5, y: 1, z: -0.5}
  - {x: -0.5, y: 1, z: 0}
  - {x: -0.14644668, y: 1, z: -0.35355344}
  - {x: -0.14644668, y: 0, z: -0.35355344}
  - {x: -0.5, y: 0, z: 0}
  - {x: 0, y: 0, z: 0}
  - {x: -0.14644668, y: 1, z: -0.35355344}
  - {x: -0.5, y: 1, z: 0}
  - {x: 0, y: 1, z: 0}
  m_Textures0:
  - {x: 0, y: 0}
  - {x: 0, y: 1}
  - {x: 0.38268343, y: 0}
  - {x: 0.38268343, y: 1}
  - {x: 0.27059805, y: 0}
  - {x: 0.27059805, y: 1}
  - {x: 0.65328145, y: 0}
  - {x: 0.65328145, y: 1}
  - {x: 0.27059805, y: 0}
  - {x: 0.27059805, y: 1}
  - {x: 0.6532815, y: 0}
  - {x: 0.6532815, y: 1}
  - {x: -0.00000007801127, y: 0}
  - {x: -0.00000007801127, y: 1}
  - {x: 0.38268337, y: 0}
  - {x: 0.38268337, y: 1}
  - {x: -0.3826834, y: 0}
  - {x: -0.3826834, y: 1}
  - {x: -0.00000004690953, y: 0}
  - {x: -0.00000004690953, y: 1}
  - {x: -0.65328145, y: 0}
  - {x: -0.65328145, y: 1}
  - {x: -0.270598, y: 0}
  - {x: -0.270598, y: 1}
  - {x: -0.65328145, y: 0}
  - {x: -0.65328145, y: 1}
  - {x: -0.2705981, y: 0}
  - {x: -0.2705981, y: 1}
  - {x: -0.38268352, y: 0}
  - {x: -0.38268352, y: 1}
  - {x: 0, y: 0}
  - {x: 0, y: 1}
  - {x: 0, y: 0}
  - {x: 0.5, y: 0}
  - {x: 0.14644662, y: 0.35355338}
  - {x: 0, y: 0}
  - {x: -0.5, y: 0}
  - {x: -0.14644662, y: 0.35355338}
  - {x: 0.14644662, y: 0.35355338}
  - {x: 0.5, y: 0}
  - {x: 0.5, y: 0.5}
  - {x: -0.14644662, y: 0.35355338}
  - {x: -0.5, y: 0}
  - {x: -0.5, y: 0.5}
  - {x: 0.5, y: 0.5}
  - {x: 0.5, y: 0}
  - {x: 0.8535534, y: 0.35355338}
  - {x: -0.5, y: 0.5}
  - {x: -0.5, y: 0}
  - {x: -0.8535534, y: 0.35355338}
  - {x: 0.8535534, y: 0.35355338}
  - {x: 0.5, y: 0}
  - {x: 1, y: -0.00000004371139}
  - {x: -0.8535534, y: 0.35355338}
  - {x: -0.5, y: 0}
  - {x: -1, y: -0.00000004371139}
  - {x: 1, y: -0.00000004371139}
  - {x: 0.5, y: 0}
  - {x: 0.8535534, y: -0.35355335}
  - {x: -1, y: -0.00000004371139}
  - {x: -0.5, y: 0}
  - {x: -0.8535534, y: -0.35355335}
  - {x: 0.8535534, y: -0.35355335}
  - {x: 0.5, y: 0}
  - {x: 0.5, y: -0.5}
  - {x: -0.8535534, y: -0.35355335}
  - {x: -0.5, y: 0}
  - {x: -0.5, y: -0.5}
  - {x: 0.5, y: -0.5}
  - {x: 0.5, y: 0}
  - {x: 0.14644668, y: -0.35355344}
  - {x: -0.5, y: -0.5}
  - {x: -0.5, y: 0}
  - {x: -0.14644668, y: -0.35355344}
  - {x: 0.14644668, y: -0.35355344}
  - {x: 0.5, y: 0}
  - {x: 0, y: 0}
  - {x: -0.14644668, y: -0.35355344}
  - {x: -0.5, y: 0}
  - {x: 0, y: 0}
  m_Textures2: []
  m_Textures3: []
  m_Tangents:
  - {x: 0.0000000645156, y: 0, z: 1, w: -1}
  - {x: 0.0000000645156, y: 0, z: 1, w: -1}
  - {x: -0.7071068, y: 0, z: 0.7071067, w: -1}
  - {x: -0.7071068, y: 0, z: 0.7071067, w: -1}
  - {x: -0.7071068, y: 0, z: 0.7071068, w: -1}
  - {x: -0.7071068, y: 0, z: 0.7071068, w: -1}
  - {x: -1, y: 0, z: 0.000000032257798, w: -1}
  - {x: -1, y: 0, z: 0.000000032257798, w: -1}
  - {x: -1, y: 0, z: 0.0000000322578, w: -1}
  - {x: -1, y: 0, z: 0.0000000322578, w: -1}
  - {x: -0.7071067, y: 0, z: -0.7071068, w: -1}
  - {x: -0.7071067, y: 0, z: -0.7071068, w: -1}
  - {x: -0.70710677, y: 0, z: -0.70710677, w: -1}
  - {x: -0.70710677, y: 0, z: -0.70710677, w: -1}
  - {x: 0.0000000645156, y: 0, z: -1, w: -1}
  - {x: 0.0000000645156, y: 0, z: -1, w: -1}
  - {x: 0.0000000645156, y: 0, z: -1, w: -1}
  - {x: 0.0000000645156, y: 0, z: -1, w: -1}
  - {x: 0.7071068, y: 0, z: -0.7071067, w: -1}
  - {x: 0.7071068, y: 0, z: -0.7071067, w: -1}
  - {x: 0.7071067, y: 0, z: -0.7071068, w: -1}
  - {x: 0.7071067, y: 0, z: -0.7071068, w: -1}
  - {x: 1, y: 0, z: -0.0000000322578, w: -1}
  - {x: 1, y: 0, z: -0.0000000322578, w: -1}
  - {x: 1, y: 0, z: -0.0000000322578, w: -1}
  - {x: 1, y: 0, z: -0.0000000322578, w: -1}
  - {x: 0.7071068, y: 0, z: 0.7071067, w: -1}
  - {x: 0.7071068, y: 0, z: 0.7071067, w: -1}
  - {x: 0.70710677, y: 0, z: 0.70710677, w: -1}
  - {x: 0.70710677, y: 0, z: 0.70710677, w: -1}
  - {x: 0.000000032257805, y: 0, z: 1, w: -1}
  - {x: 0.000000032257805, y: 0, z: 1, w: -1}
  - {x: -1, y: 0, z: 0, w: -1}
  - {x: -1, y: 0, z: 0, w: -1}
  - {x: -1, y: 0, z: 0, w: -1}
  - {x: 1, y: 0, z: 0, w: -1}
  - {x: 1, y: 0, z: 0, w: -1}
  - {x: 1, y: 0, z: 0, w: -1}
  - {x: -1, y: 0, z: 0, w: -1}
  - {x: -1, y: 0, z: 0, w: -1}
  - {x: -1, y: 0, z: 0, w: -1}
  - {x: 1, y: 0, z: 0, w: -1}
  - {x: 1, y: 0, z: 0, w: -1}
  - {x: 1, y: 0, z: 0, w: -1}
  - {x: -1, y: 0, z: 0, w: -1}
  - {x: -1, y: 0, z: 0, w: -1}
  - {x: -1, y: 0, z: 0, w: -1}
  - {x: 1, y: 0, z: 0, w: -1}
  - {x: 1, y: 0, z: 0, w: -1}
  - {x: 1, y: 0, z: 0, w: -1}
  - {x: -1, y: 0, z: 0, w: -1}
  - {x: -1, y: 0, z: 0, w: -1}
  - {x: -1, y: 0, z: 0, w: -1}
  - {x: 1, y: 0, z: 0, w: -1}
  - {x: 1, y: 0, z: 0, w: -1}
  - {x: 1, y: 0, z: 0, w: -1}
  - {x: -1, y: 0, z: 0, w: -1}
  - {x: -1, y: 0, z: 0, w: -1}
  - {x: -1, y: 0, z: 0, w: -1}
  - {x: 1, y: 0, z: 0, w: -1}
  - {x: 1, y: 0, z: 0, w: -1}
  - {x: 1, y: 0, z: 0, w: -1}
  - {x: -1, y: 0, z: 0, w: -1}
  - {x: -1, y: 0, z: 0, w: -1}
  - {x: -1, y: 0, z: 0, w: -1}
  - {x: 1, y: 0, z: 0, w: -1}
  - {x: 1, y: 0, z: 0, w: -1}
  - {x: 1, y: 0, z: 0, w: -1}
  - {x: -1, y: 0, z: 0, w: -1}
  - {x: -1, y: 0, z: 0, w: -1}
  - {x: -1, y: 0, z: 0, w: -1}
  - {x: 1, y: 0, z: 0, w: -1}
  - {x: 1, y: 0, z: 0, w: -1}
  - {x: 1, y: 0, z: 0, w: -1}
  - {x: -1, y: 0, z: 0, w: -1}
  - {x: -1, y: 0, z: 0, w: -1}
  - {x: -1, y: 0, z: 0, w: -1}
  - {x: 1, y: 0, z: 0, w: -1}
  - {x: 1, y: 0, z: 0, w: -1}
  - {x: 1, y: 0, z: 0, w: -1}
  m_Colors: []
  m_UnwrapParameters:
    m_HardAngle: 88
    m_PackMargin: 20
    m_AngleError: 8
    m_AreaError: 15
  m_PreserveMeshAssetOnDestroy: 0
  assetGuid: 
  m_IsSelectable: 1
  m_SelectedFaces: 
  m_SelectedEdges: []
  m_SelectedVertices: 
--- !u!64 &6841909647329965054
MeshCollider:
  m_ObjectHideFlags: 0
  m_CorrespondingSourceObject: {fileID: 0}
  m_PrefabInstance: {fileID: 0}
  m_PrefabAsset: {fileID: 0}
  m_GameObject: {fileID: 6841909647329965048}
  m_Material: {fileID: 0}
  m_IsTrigger: 0
  m_Enabled: 1
  serializedVersion: 3
  m_Convex: 0
  m_CookingOptions: 14
  m_Mesh: {fileID: 0}
--- !u!1 &6841909648008175332
GameObject:
  m_ObjectHideFlags: 0
  m_CorrespondingSourceObject: {fileID: 0}
  m_PrefabInstance: {fileID: 0}
  m_PrefabAsset: {fileID: 0}
  serializedVersion: 6
  m_Component:
  - component: {fileID: 6841909648008175333}
  - component: {fileID: 3721856343453656625}
  - component: {fileID: 1199646676139532538}
  m_Layer: 28
  m_Name: RopeInteract (5)
  m_TagString: Untagged
  m_Icon: {fileID: 0}
  m_NavMeshLayer: 0
  m_StaticEditorFlags: 0
  m_IsActive: 1
--- !u!4 &6841909648008175333
Transform:
  m_ObjectHideFlags: 0
  m_CorrespondingSourceObject: {fileID: 0}
  m_PrefabInstance: {fileID: 0}
  m_PrefabAsset: {fileID: 0}
  m_GameObject: {fileID: 6841909648008175332}
  m_LocalRotation: {x: -0, y: 0.99963176, z: -0, w: 0.027135339}
  m_LocalPosition: {x: 8.88, y: 11.23, z: 30.17}
  m_LocalScale: {x: 1, y: 1, z: 1}
  m_Children:
  - {fileID: 6841909647329965049}
  - {fileID: 6841909649392277920}
  - {fileID: 6557180780442694456}
  - {fileID: 517453497250662795}
  m_Father: {fileID: 0}
  m_RootOrder: 0
  m_LocalEulerAnglesHint: {x: 0, y: 176.89001, z: 0}
--- !u!65 &3721856343453656625
BoxCollider:
  m_ObjectHideFlags: 0
  m_CorrespondingSourceObject: {fileID: 0}
  m_PrefabInstance: {fileID: 0}
  m_PrefabAsset: {fileID: 0}
  m_GameObject: {fileID: 6841909648008175332}
  m_Material: {fileID: 0}
  m_IsTrigger: 1
  m_Enabled: 1
  serializedVersion: 2
  m_Size: {x: 2.773077, y: 2.1865005, z: 2.1610944}
  m_Center: {x: 0.52061737, y: 0.5932503, z: -0.51606774}
--- !u!114 &1199646676139532538
MonoBehaviour:
  m_ObjectHideFlags: 0
  m_CorrespondingSourceObject: {fileID: 0}
  m_PrefabInstance: {fileID: 0}
  m_PrefabAsset: {fileID: 0}
  m_GameObject: {fileID: 6841909648008175332}
  m_Enabled: 1
  m_EditorHideFlags: 0
  m_Script: {fileID: 1384774831, guid: e743331561ef77147ae48cda9bcb8209, type: 3}
  m_Name: 
  m_EditorClassIdentifier: 
  fsm:
    dataVersion: 2
    usedInTemplate: {fileID: 0}
    name: FSM
    startState: Trigger Enter
    states:
    - name: Trigger Enter
      description: 
      colorIndex: 0
      position:
        serializedVersion: 2
        x: 50
        y: 100
        width: 117
        height: 32
      isBreakpoint: 0
      isSequence: 0
      hideUnused: 0
      transitions:
      - fsmEvent:
          name: FINISHED
          isSystemEvent: 1
          isGlobal: 0
        toState: Get Input
        linkStyle: 0
        linkConstraint: 0
        colorIndex: 0
      actionData:
        actionNames:
        - HutongGames.PlayMaker.Actions.TriggerEvent
        customNames:
        - 
        actionEnabled: 01
        actionIsOpen: 01
        actionStartIndex: 00000000
        actionHashCodes: 9c512400
        unityObjectParams: []
        fsmGameObjectParams:
        - useVariable: 1
          name: 
          tooltip: 
          showInInspector: 0
          networkSync: 0
          value: {fileID: 0}
        fsmOwnerDefaultParams:
        - ownerOption: 0
          gameObject:
            useVariable: 0
            name: 
            tooltip: 
            showInInspector: 0
            networkSync: 0
            value: {fileID: 0}
        animationCurveParams: []
        functionCallParams: []
        fsmTemplateControlParams: []
        fsmEventTargetParams: []
        fsmPropertyParams: []
        layoutOptionParams: []
        fsmStringParams:
        - useVariable: 0
          name: 
          tooltip: 
          showInInspector: 0
          networkSync: 0
          value: Player
        fsmObjectParams: []
        fsmVarParams: []
        fsmArrayParams: []
        fsmEnumParams: []
        fsmFloatParams: []
        fsmIntParams: []
        fsmBoolParams: []
        fsmVector2Params: []
        fsmVector3Params: []
        fsmColorParams: []
        fsmRectParams: []
        fsmQuaternionParams: []
        stringParams:
        - FINISHED
        byteData: 00000000
        arrayParamSizes: 
        arrayParamTypes: []
        customTypeSizes: 
        customTypeNames: []
        paramDataType: 1400000007000000120000001700000013000000
        paramName:
        - gameObject
        - trigger
        - collideTag
        - sendEvent
        - storeCollider
        paramDataPos: 0000000000000000000000000000000000000000
        paramByteDataSize: 0000000004000000000000000000000000000000
    - name: Get Input
      description: 
      colorIndex: 0
      position:
        serializedVersion: 2
        x: 242
        y: 108
        width: 100
        height: 48
      isBreakpoint: 0
      isSequence: 0
      hideUnused: 0
      transitions:
      - fsmEvent:
          name: FINISHED
          isSystemEvent: 1
          isGlobal: 0
        toState: State 1
        linkStyle: 0
        linkConstraint: 0
        colorIndex: 0
      - fsmEvent:
          name: RESET
          isSystemEvent: 0
          isGlobal: 0
        toState: Trigger Enter
        linkStyle: 0
        linkConstraint: 0
        colorIndex: 0
      actionData:
        actionNames:
        - HutongGames.PlayMaker.Actions.TriggerEvent
        - HutongGames.PlayMaker.Actions.GetButtonDown
        customNames:
        - 
        - 
        actionEnabled: 0101
        actionIsOpen: 0101
        actionStartIndex: 0000000005000000
        actionHashCodes: 9c5124001012c100
        unityObjectParams: []
        fsmGameObjectParams:
        - useVariable: 1
          name: 
          tooltip: 
          showInInspector: 0
          networkSync: 0
          value: {fileID: 0}
        fsmOwnerDefaultParams:
        - ownerOption: 0
          gameObject:
            useVariable: 0
            name: 
            tooltip: 
            showInInspector: 0
            networkSync: 0
            value: {fileID: 0}
        animationCurveParams: []
        functionCallParams: []
        fsmTemplateControlParams: []
        fsmEventTargetParams: []
        fsmPropertyParams: []
        layoutOptionParams: []
        fsmStringParams:
        - useVariable: 0
          name: 
          tooltip: 
          showInInspector: 0
          networkSync: 0
          value: Player
        - useVariable: 0
          name: 
          tooltip: 
          showInInspector: 0
          networkSync: 0
          value: Fire1
        fsmObjectParams: []
        fsmVarParams: []
        fsmArrayParams: []
        fsmEnumParams: []
        fsmFloatParams: []
        fsmIntParams: []
        fsmBoolParams:
        - useVariable: 1
          name: 
          tooltip: 
          showInInspector: 0
          networkSync: 0
          value: 0
        fsmVector2Params: []
        fsmVector3Params: []
        fsmColorParams: []
        fsmRectParams: []
        fsmQuaternionParams: []
        stringParams:
        - RESET
        - FINISHED
        byteData: 02000000
        arrayParamSizes: 
        arrayParamTypes: []
        customTypeSizes: 
        customTypeNames: []
        paramDataType: 1400000007000000120000001700000013000000120000001700000011000000
        paramName:
        - gameObject
        - trigger
        - collideTag
        - sendEvent
        - storeCollider
        - buttonName
        - sendEvent
        - storeResult
        paramDataPos: 0000000000000000000000000000000000000000010000000100000000000000
        paramByteDataSize: 0000000004000000000000000000000000000000000000000000000000000000
    - name: State 1
      description: 
      colorIndex: 0
      position:
        serializedVersion: 2
        x: 430
        y: 119
        width: 100
        height: 32
      isBreakpoint: 0
      isSequence: 0
      hideUnused: 0
      transitions:
      - fsmEvent:
          name: FINISHED
          isSystemEvent: 1
          isGlobal: 0
        toState: State 2
        linkStyle: 0
        linkConstraint: 0
        colorIndex: 0
      actionData:
        actionNames:
        - HutongGames.PlayMaker.Actions.ActivateGameObject
        - HutongGames.PlayMaker.Actions.PlayAnimation
        customNames:
        - 
        - 
        actionEnabled: 0101
        actionIsOpen: 0101
        actionStartIndex: 0000000005000000
        actionHashCodes: b2cf10004f383600
        unityObjectParams: []
        fsmGameObjectParams: []
        fsmOwnerDefaultParams:
        - ownerOption: 1
          gameObject:
            useVariable: 0
            name: 
            tooltip: 
            showInInspector: 0
            networkSync: 0
            value: {fileID: 6841909647329965048}
        - ownerOption: 1
          gameObject:
            useVariable: 0
            name: 
            tooltip: 
            showInInspector: 0
            networkSync: 0
            value: {fileID: 6841909649154571940}
        animationCurveParams: []
        functionCallParams: []
        fsmTemplateControlParams: []
        fsmEventTargetParams: []
        fsmPropertyParams: []
        layoutOptionParams: []
        fsmStringParams:
        - useVariable: 0
          name: 
          tooltip: 
          showInInspector: 0
          networkSync: 0
          value: LanternFallPrefab
        fsmObjectParams: []
        fsmVarParams: []
        fsmArrayParams: []
        fsmEnumParams: []
        fsmFloatParams:
        - useVariable: 0
          name: 
          tooltip: 
          showInInspector: 0
          networkSync: 0
          value: 0.3
        fsmIntParams: []
        fsmBoolParams:
        - useVariable: 0
          name: 
          tooltip: 
          showInInspector: 0
          networkSync: 0
          value: 0
        - useVariable: 0
          name: 
          tooltip: 
          showInInspector: 0
          networkSync: 0
          value: 0
        fsmVector2Params: []
        fsmVector3Params: []
        fsmColorParams: []
        fsmRectParams: []
        fsmQuaternionParams: []
        stringParams:
        - FINISHED
        - 
        byteData: 00000400000000
        arrayParamSizes: 
        arrayParamTypes: []
        customTypeSizes: 
        customTypeNames: []
        paramDataType: 14000000110000001100000001000000010000001400000012000000070000000f000000170000001700000001000000
        paramName:
        - gameObject
        - activate
        - recursive
        - resetOnExit
        - everyFrame
        - gameObject
        - animName
        - playMode
        - blendTime
        - finishEvent
        - loopEvent
        - stopOnExit
        paramDataPos: 000000000000000001000000000000000100000001000000000000000200000000000000000000000100000006000000
        paramByteDataSize: 000000000000000000000000010000000100000000000000000000000400000000000000000000000000000001000000
    - name: State 2
      description: 
      colorIndex: 0
      position:
        serializedVersion: 2
        x: 586
        y: 118
        width: 100
        height: 16
      isBreakpoint: 0
      isSequence: 0
      hideUnused: 0
      transitions: []
      actionData:
        actionNames:
        - HutongGames.PlayMaker.Actions.ActivateGameObject
        customNames:
        - 
        actionEnabled: 01
        actionIsOpen: 01
        actionStartIndex: 00000000
        actionHashCodes: b2cf1000
        unityObjectParams: []
        fsmGameObjectParams: []
        fsmOwnerDefaultParams:
        - ownerOption: 1
          gameObject:
            useVariable: 0
            name: 
            tooltip: 
            showInInspector: 0
            networkSync: 0
            value: {fileID: 8589204201341374875}
        animationCurveParams: []
        functionCallParams: []
        fsmTemplateControlParams: []
        fsmEventTargetParams: []
        fsmPropertyParams: []
        layoutOptionParams: []
        fsmStringParams: []
        fsmObjectParams: []
        fsmVarParams: []
        fsmArrayParams: []
        fsmEnumParams: []
        fsmFloatParams: []
        fsmIntParams: []
        fsmBoolParams:
        - useVariable: 0
          name: 
          tooltip: 
          showInInspector: 0
          networkSync: 0
          value: 1
        - useVariable: 0
          name: 
          tooltip: 
          showInInspector: 0
          networkSync: 0
          value: 0
        fsmVector2Params: []
        fsmVector3Params: []
        fsmColorParams: []
        fsmRectParams: []
        fsmQuaternionParams: []
        stringParams: []
        byteData: 0000
        arrayParamSizes: 
        arrayParamTypes: []
        customTypeSizes: 
        customTypeNames: []
        paramDataType: 1400000011000000110000000100000001000000
        paramName:
        - gameObject
        - activate
        - recursive
        - resetOnExit
        - everyFrame
        paramDataPos: 0000000000000000010000000000000001000000
        paramByteDataSize: 0000000000000000000000000100000001000000
    events:
    - name: FINISHED
      isSystemEvent: 1
      isGlobal: 0
    - name: RESET
      isSystemEvent: 0
      isGlobal: 0
    globalTransitions: []
    variables:
      floatVariables: []
      intVariables: []
      boolVariables: []
      stringVariables: []
      vector2Variables: []
      vector3Variables: []
      colorVariables: []
      rectVariables: []
      quaternionVariables: []
      gameObjectVariables: []
      objectVariables: []
      materialVariables: []
      textureVariables: []
      arrayVariables: []
      enumVariables: []
      categories:
      - 
      variableCategoryIDs: 
    description: 
    docUrl: 
    showStateLabel: 0
    maxLoopCount: 0
    watermark: 
    password: 
    locked: 0
    manualUpdate: 0
    keepDelayedEventsOnStateExit: 0
    preprocessed: 0
    ExposedEvents: []
    RestartOnEnable: 1
    EnableDebugFlow: 0
    EnableBreakpoints: 1
    editorFlags: 1
    activeStateName: 
    mouseEvents: 0
    handleLevelLoaded: 0
    handleTriggerEnter2D: 0
    handleTriggerExit2D: 0
    handleTriggerStay2D: 0
    handleCollisionEnter2D: 0
    handleCollisionExit2D: 0
    handleCollisionStay2D: 0
    handleTriggerEnter: 0
    handleTriggerExit: 0
    handleTriggerStay: 0
    handleCollisionEnter: 0
    handleCollisionExit: 0
    handleCollisionStay: 0
    handleParticleCollision: 0
    handleControllerColliderHit: 0
    handleJointBreak: 0
    handleJointBreak2D: 0
    handleOnGUI: 0
    handleFixedUpdate: 0
    handleLateUpdate: 0
    handleApplicationEvents: 0
    handleUiEvents: 0
    handleLegacyNetworking: 0
    handleAnimatorMove: 0
    handleAnimatorIK: 0
  fsmTemplate: {fileID: 0}
  eventHandlerComponentsAdded: 0
--- !u!1 &6841909649154571940
GameObject:
  m_ObjectHideFlags: 0
  m_CorrespondingSourceObject: {fileID: 0}
  m_PrefabInstance: {fileID: 0}
  m_PrefabAsset: {fileID: 0}
  serializedVersion: 6
  m_Component:
  - component: {fileID: 6841909649154571941}
  - component: {fileID: 6841909649154571961}
  - component: {fileID: 6841909649154571960}
  - component: {fileID: 6841909649154571963}
  - component: {fileID: 6841909649154571962}
  - component: {fileID: 8118690543306864222}
  m_Layer: 0
  m_Name: Prism (1)
  m_TagString: Untagged
  m_Icon: {fileID: 0}
  m_NavMeshLayer: 0
  m_StaticEditorFlags: 0
  m_IsActive: 1
--- !u!4 &6841909649154571941
Transform:
  m_ObjectHideFlags: 0
  m_CorrespondingSourceObject: {fileID: 0}
  m_PrefabInstance: {fileID: 0}
  m_PrefabAsset: {fileID: 0}
  m_GameObject: {fileID: 6841909649154571940}
  m_LocalRotation: {x: -0, y: 0.87369037, z: -0, w: 0.48648247}
  m_LocalPosition: {x: 0, y: 0, z: 0}
  m_LocalScale: {x: 1, y: 1, z: 1}
  m_Children: []
  m_Father: {fileID: 6557180780442694456}
  m_RootOrder: 0
  m_LocalEulerAnglesHint: {x: 0, y: 0, z: 0}
--- !u!33 &6841909649154571961
MeshFilter:
  m_ObjectHideFlags: 0
  m_CorrespondingSourceObject: {fileID: 0}
  m_PrefabInstance: {fileID: 0}
  m_PrefabAsset: {fileID: 0}
  m_GameObject: {fileID: 6841909649154571940}
  m_Mesh: {fileID: 0}
--- !u!23 &6841909649154571960
MeshRenderer:
  m_ObjectHideFlags: 0
  m_CorrespondingSourceObject: {fileID: 0}
  m_PrefabInstance: {fileID: 0}
  m_PrefabAsset: {fileID: 0}
  m_GameObject: {fileID: 6841909649154571940}
  m_Enabled: 1
  m_CastShadows: 1
  m_ReceiveShadows: 1
  m_DynamicOccludee: 1
  m_MotionVectors: 1
  m_LightProbeUsage: 1
  m_ReflectionProbeUsage: 1
  m_RenderingLayerMask: 1
  m_RendererPriority: 0
  m_Materials:
  - {fileID: 2100000, guid: 454230e2738d0cf4cbe6b553c922aa23, type: 2}
  m_StaticBatchInfo:
    firstSubMesh: 0
    subMeshCount: 0
  m_StaticBatchRoot: {fileID: 0}
  m_ProbeAnchor: {fileID: 0}
  m_LightProbeVolumeOverride: {fileID: 0}
  m_ScaleInLightmap: 1
  m_ReceiveGI: 1
  m_PreserveUVs: 0
  m_IgnoreNormalsForChartDetection: 0
  m_ImportantGI: 0
  m_StitchLightmapSeams: 1
  m_SelectedEditorRenderState: 2
  m_MinimumChartSize: 4
  m_AutoUVMaxDistance: 0.5
  m_AutoUVMaxAngle: 89
  m_LightmapParameters: {fileID: 0}
  m_SortingLayerID: 0
  m_SortingLayer: 0
  m_SortingOrder: 0
--- !u!114 &6841909649154571963
MonoBehaviour:
  m_ObjectHideFlags: 0
  m_CorrespondingSourceObject: {fileID: 0}
  m_PrefabInstance: {fileID: 0}
  m_PrefabAsset: {fileID: 0}
  m_GameObject: {fileID: 6841909649154571940}
  m_Enabled: 1
  m_EditorHideFlags: 0
  m_Script: {fileID: 11500000, guid: 8233d90336aea43098adf6dbabd606a2, type: 3}
  m_Name: 
  m_EditorClassIdentifier: 
  m_MeshFormatVersion: 1
  m_Faces:
  - m_Indexes: 020000000100000000000000
    m_SmoothingGroup: 0
    m_Uv:
      m_UseWorldSpace: 0
      m_FlipU: 0
      m_FlipV: 0
      m_SwapUV: 0
      m_Fill: 1
      m_Scale: {x: 1, y: 1}
      m_Offset: {x: 0, y: 0}
      m_Rotation: 0
      m_Anchor: 9
    m_Material: {fileID: 2100000, guid: c22777d6e868e4f2fb421913386b154e, type: 2}
    m_SubmeshIndex: 0
    m_ManualUV: 0
    elementGroup: 0
    m_TextureGroup: -1
  - m_Indexes: 050000000400000003000000050000000600000004000000
    m_SmoothingGroup: 0
    m_Uv:
      m_UseWorldSpace: 0
      m_FlipU: 0
      m_FlipV: 0
      m_SwapUV: 0
      m_Fill: 1
      m_Scale: {x: 1, y: 1}
      m_Offset: {x: 0, y: 0}
      m_Rotation: 0
      m_Anchor: 9
    m_Material: {fileID: 2100000, guid: c22777d6e868e4f2fb421913386b154e, type: 2}
    m_SubmeshIndex: 0
    m_ManualUV: 0
    elementGroup: 0
    m_TextureGroup: -1
  - m_Indexes: 090000000800000007000000
    m_SmoothingGroup: 0
    m_Uv:
      m_UseWorldSpace: 0
      m_FlipU: 0
      m_FlipV: 0
      m_SwapUV: 0
      m_Fill: 1
      m_Scale: {x: 1, y: 1}
      m_Offset: {x: 0, y: 0}
      m_Rotation: 0
      m_Anchor: 9
    m_Material: {fileID: 2100000, guid: c22777d6e868e4f2fb421913386b154e, type: 2}
    m_SubmeshIndex: 0
    m_ManualUV: 0
    elementGroup: 0
    m_TextureGroup: -1
  - m_Indexes: 0c0000000b0000000a0000000c0000000d0000000b000000
    m_SmoothingGroup: 0
    m_Uv:
      m_UseWorldSpace: 0
      m_FlipU: 0
      m_FlipV: 0
      m_SwapUV: 0
      m_Fill: 1
      m_Scale: {x: 1, y: 1}
      m_Offset: {x: 0, y: 0}
      m_Rotation: 0
      m_Anchor: 9
    m_Material: {fileID: 2100000, guid: c22777d6e868e4f2fb421913386b154e, type: 2}
    m_SubmeshIndex: 0
    m_ManualUV: 0
    elementGroup: 0
    m_TextureGroup: -1
  - m_Indexes: 0e0000000f000000100000000f0000001100000010000000
    m_SmoothingGroup: 0
    m_Uv:
      m_UseWorldSpace: 0
      m_FlipU: 0
      m_FlipV: 0
      m_SwapUV: 0
      m_Fill: 1
      m_Scale: {x: 1, y: 1}
      m_Offset: {x: 0, y: 0}
      m_Rotation: 0
      m_Anchor: 9
    m_Material: {fileID: 2100000, guid: c22777d6e868e4f2fb421913386b154e, type: 2}
    m_SubmeshIndex: 0
    m_ManualUV: 0
    elementGroup: 0
    m_TextureGroup: -1
  m_SharedVertices:
  - m_Vertices: 000000000b0000000e000000
  - m_Vertices: 01000000030000000f000000
  - m_Vertices: 02000000050000000d000000
  - m_Vertices: 040000000700000011000000
  - m_Vertices: 06000000090000000c000000
  - m_Vertices: 080000000a00000010000000
  m_SharedTextures: []
  m_Positions:
  - {x: 0, y: 0, z: 0}
  - {x: 1, y: 0, z: 0}
  - {x: 0.5, y: 1, z: 0}
  - {x: 1, y: 0, z: 0}
  - {x: 1, y: 0, z: 1}
  - {x: 0.5, y: 1, z: 0}
  - {x: 0.5, y: 1, z: 1}
  - {x: 1, y: 0, z: 1}
  - {x: 0, y: 0, z: 1}
  - {x: 0.5, y: 1, z: 1}
  - {x: 0, y: 0, z: 1}
  - {x: 0, y: 0, z: 0}
  - {x: 0.5, y: 1, z: 1}
  - {x: 0.5, y: 1, z: 0}
  - {x: 0, y: 0, z: 0}
  - {x: 1, y: 0, z: 0}
  - {x: 0, y: 0, z: 1}
  - {x: 1, y: 0, z: 1}
  m_Textures0:
  - {x: 0, y: 0}
  - {x: 1, y: 0}
  - {x: 0.5, y: 1}
  - {x: 0, y: -0.4472136}
  - {x: 1, y: -0.4472136}
  - {x: 0, y: 0.67082036}
  - {x: 1, y: 0.67082036}
  - {x: -1, y: 0}
  - {x: 0, y: 0}
  - {x: -0.5, y: 1}
  - {x: -1, y: 0}
  - {x: 0, y: 0}
  - {x: -1, y: 1.118034}
  - {x: 0, y: 1.118034}
  - {x: 0, y: 0}
  - {x: -1, y: 0}
  - {x: 0, y: 1}
  - {x: -1, y: 1}
  m_Textures2: []
  m_Textures3: []
  m_Tangents:
  - {x: 1, y: 0, z: 0, w: -1}
  - {x: 1, y: 0, z: 0, w: -1}
  - {x: 1, y: 0, z: 0, w: -1}
  - {x: 0, y: 0, z: 1, w: -1}
  - {x: 0, y: 0, z: 1, w: -1}
  - {x: 0, y: 0, z: 1, w: -1}
  - {x: 0, y: 0, z: 1, w: -1}
  - {x: -1, y: 0, z: 0, w: -1}
  - {x: -1, y: 0, z: 0, w: -1}
  - {x: -1, y: 0, z: 0, w: -1}
  - {x: 0, y: 0, z: -1, w: -1}
  - {x: 0, y: 0, z: -1, w: -1}
  - {x: 0, y: 0, z: -1, w: -1}
  - {x: 0, y: 0, z: -1, w: -1}
  - {x: -1, y: 0, z: 0, w: -1}
  - {x: -1, y: 0, z: 0, w: -1}
  - {x: -1, y: 0, z: 0, w: -1}
  - {x: -1, y: 0, z: 0, w: -1}
  m_Colors: []
  m_UnwrapParameters:
    m_HardAngle: 88
    m_PackMargin: 20
    m_AngleError: 8
    m_AreaError: 15
  m_PreserveMeshAssetOnDestroy: 0
  assetGuid: 
  m_IsSelectable: 1
  m_SelectedFaces: 
  m_SelectedEdges: []
  m_SelectedVertices: 
--- !u!64 &6841909649154571962
MeshCollider:
  m_ObjectHideFlags: 0
  m_CorrespondingSourceObject: {fileID: 0}
  m_PrefabInstance: {fileID: 0}
  m_PrefabAsset: {fileID: 0}
  m_GameObject: {fileID: 6841909649154571940}
  m_Material: {fileID: 0}
  m_IsTrigger: 0
  m_Enabled: 1
  serializedVersion: 3
  m_Convex: 0
  m_CookingOptions: 14
  m_Mesh: {fileID: 0}
--- !u!111 &8118690543306864222
Animation:
  m_ObjectHideFlags: 0
  m_CorrespondingSourceObject: {fileID: 0}
  m_PrefabInstance: {fileID: 0}
  m_PrefabAsset: {fileID: 0}
  m_GameObject: {fileID: 6841909649154571940}
  m_Enabled: 1
  serializedVersion: 3
  m_Animation: {fileID: 0}
  m_Animations:
  - {fileID: 7400000, guid: 5400b0d7dcf8f044f8f24f953cfee8c8, type: 2}
  m_WrapMode: 0
  m_PlayAutomatically: 0
  m_AnimatePhysics: 0
  m_CullingType: 0
--- !u!1 &6841909649392277923
GameObject:
  m_ObjectHideFlags: 0
  m_CorrespondingSourceObject: {fileID: 0}
  m_PrefabInstance: {fileID: 0}
  m_PrefabAsset: {fileID: 0}
  serializedVersion: 6
  m_Component:
  - component: {fileID: 6841909649392277920}
  - component: {fileID: 6841909649392277924}
  - component: {fileID: 6841909649392277927}
  - component: {fileID: 6841909649392277926}
  - component: {fileID: 6841909649392277921}
  m_Layer: 0
  m_Name: Cube
  m_TagString: Untagged
  m_Icon: {fileID: 0}
  m_NavMeshLayer: 0
  m_StaticEditorFlags: 0
  m_IsActive: 1
--- !u!4 &6841909649392277920
Transform:
  m_ObjectHideFlags: 0
  m_CorrespondingSourceObject: {fileID: 0}
  m_PrefabInstance: {fileID: 0}
  m_PrefabAsset: {fileID: 0}
  m_GameObject: {fileID: 6841909649392277923}
  m_LocalRotation: {x: -0, y: -0, z: -0, w: 1}
  m_LocalPosition: {x: 0, y: 0, z: 0}
  m_LocalScale: {x: 1, y: 1, z: 1}
  m_Children: []
  m_Father: {fileID: 6841909648008175333}
  m_RootOrder: 1
  m_LocalEulerAnglesHint: {x: 0, y: 0, z: 0}
--- !u!33 &6841909649392277924
MeshFilter:
  m_ObjectHideFlags: 0
  m_CorrespondingSourceObject: {fileID: 0}
  m_PrefabInstance: {fileID: 0}
  m_PrefabAsset: {fileID: 0}
  m_GameObject: {fileID: 6841909649392277923}
  m_Mesh: {fileID: 0}
--- !u!23 &6841909649392277927
MeshRenderer:
  m_ObjectHideFlags: 0
  m_CorrespondingSourceObject: {fileID: 0}
  m_PrefabInstance: {fileID: 0}
  m_PrefabAsset: {fileID: 0}
  m_GameObject: {fileID: 6841909649392277923}
  m_Enabled: 1
  m_CastShadows: 1
  m_ReceiveShadows: 1
  m_DynamicOccludee: 1
  m_MotionVectors: 1
  m_LightProbeUsage: 1
  m_ReflectionProbeUsage: 1
  m_RenderingLayerMask: 1
  m_RendererPriority: 0
  m_Materials:
  - {fileID: 2100000, guid: ec0f54a287c7d8343adcae98b0110bd1, type: 2}
  m_StaticBatchInfo:
    firstSubMesh: 0
    subMeshCount: 0
  m_StaticBatchRoot: {fileID: 0}
  m_ProbeAnchor: {fileID: 0}
  m_LightProbeVolumeOverride: {fileID: 0}
  m_ScaleInLightmap: 1
  m_ReceiveGI: 1
  m_PreserveUVs: 0
  m_IgnoreNormalsForChartDetection: 0
  m_ImportantGI: 0
  m_StitchLightmapSeams: 1
  m_SelectedEditorRenderState: 2
  m_MinimumChartSize: 4
  m_AutoUVMaxDistance: 0.5
  m_AutoUVMaxAngle: 89
  m_LightmapParameters: {fileID: 0}
  m_SortingLayerID: 0
  m_SortingLayer: 0
  m_SortingOrder: 0
--- !u!114 &6841909649392277926
MonoBehaviour:
  m_ObjectHideFlags: 0
  m_CorrespondingSourceObject: {fileID: 0}
  m_PrefabInstance: {fileID: 0}
  m_PrefabAsset: {fileID: 0}
  m_GameObject: {fileID: 6841909649392277923}
  m_Enabled: 1
  m_EditorHideFlags: 0
  m_Script: {fileID: 11500000, guid: 8233d90336aea43098adf6dbabd606a2, type: 3}
  m_Name: 
  m_EditorClassIdentifier: 
  m_MeshFormatVersion: 1
  m_Faces:
  - m_Indexes: 000000000100000002000000010000000300000002000000
    m_SmoothingGroup: 0
    m_Uv:
      m_UseWorldSpace: 0
      m_FlipU: 0
      m_FlipV: 0
      m_SwapUV: 0
      m_Fill: 1
      m_Scale: {x: 1, y: 1}
      m_Offset: {x: 0, y: 0}
      m_Rotation: 0
      m_Anchor: 9
    m_Material: {fileID: 0}
    m_SubmeshIndex: 0
    m_ManualUV: 0
    elementGroup: -1
    m_TextureGroup: -1
  - m_Indexes: 040000000500000006000000050000000700000006000000
    m_SmoothingGroup: 0
    m_Uv:
      m_UseWorldSpace: 0
      m_FlipU: 0
      m_FlipV: 0
      m_SwapUV: 0
      m_Fill: 1
      m_Scale: {x: 1, y: 1}
      m_Offset: {x: 0, y: 0}
      m_Rotation: 0
      m_Anchor: 9
    m_Material: {fileID: 0}
    m_SubmeshIndex: 0
    m_ManualUV: 0
    elementGroup: -1
    m_TextureGroup: -1
  - m_Indexes: 08000000090000000a000000090000000b0000000a000000
    m_SmoothingGroup: 0
    m_Uv:
      m_UseWorldSpace: 0
      m_FlipU: 0
      m_FlipV: 0
      m_SwapUV: 0
      m_Fill: 1
      m_Scale: {x: 1, y: 1}
      m_Offset: {x: 0, y: 0}
      m_Rotation: 0
      m_Anchor: 9
    m_Material: {fileID: 0}
    m_SubmeshIndex: 0
    m_ManualUV: 0
    elementGroup: -1
    m_TextureGroup: -1
  - m_Indexes: 0c0000000d0000000e0000000d0000000f0000000e000000
    m_SmoothingGroup: 0
    m_Uv:
      m_UseWorldSpace: 0
      m_FlipU: 0
      m_FlipV: 0
      m_SwapUV: 0
      m_Fill: 1
      m_Scale: {x: 1, y: 1}
      m_Offset: {x: 0, y: 0}
      m_Rotation: 0
      m_Anchor: 9
    m_Material: {fileID: 0}
    m_SubmeshIndex: 0
    m_ManualUV: 0
    elementGroup: -1
    m_TextureGroup: -1
  - m_Indexes: 100000001100000012000000110000001300000012000000
    m_SmoothingGroup: 0
    m_Uv:
      m_UseWorldSpace: 0
      m_FlipU: 0
      m_FlipV: 0
      m_SwapUV: 0
      m_Fill: 1
      m_Scale: {x: 1, y: 1}
      m_Offset: {x: 0, y: 0}
      m_Rotation: 0
      m_Anchor: 9
    m_Material: {fileID: 0}
    m_SubmeshIndex: 0
    m_ManualUV: 0
    elementGroup: -1
    m_TextureGroup: -1
  - m_Indexes: 140000001500000016000000150000001700000016000000
    m_SmoothingGroup: 0
    m_Uv:
      m_UseWorldSpace: 0
      m_FlipU: 0
      m_FlipV: 0
      m_SwapUV: 0
      m_Fill: 1
      m_Scale: {x: 1, y: 1}
      m_Offset: {x: 0, y: 0}
      m_Rotation: 0
      m_Anchor: 9
    m_Material: {fileID: 0}
    m_SubmeshIndex: 0
    m_ManualUV: 0
    elementGroup: -1
    m_TextureGroup: -1
  m_SharedVertices:
  - m_Vertices: 000000000d00000016000000
  - m_Vertices: 010000000400000017000000
  - m_Vertices: 020000000f00000010000000
  - m_Vertices: 030000000600000011000000
  - m_Vertices: 050000000800000015000000
  - m_Vertices: 070000000a00000013000000
  - m_Vertices: 090000000c00000014000000
  - m_Vertices: 0b0000000e00000012000000
  m_SharedTextures: []
  m_Positions:
  - {x: 0, y: 0, z: 0}
  - {x: 1, y: 0, z: 0}
  - {x: 0, y: 1, z: 0}
  - {x: 1, y: 1, z: 0}
  - {x: 1, y: 0, z: 0}
  - {x: 1, y: 0, z: -1}
  - {x: 1, y: 1, z: 0}
  - {x: 1, y: 1, z: -1}
  - {x: 1, y: 0, z: -1}
  - {x: 0, y: 0, z: -1}
  - {x: 1, y: 1, z: -1}
  - {x: 0, y: 1, z: -1}
  - {x: 0, y: 0, z: -1}
  - {x: 0, y: 0, z: 0}
  - {x: 0, y: 1, z: -1}
  - {x: 0, y: 1, z: 0}
  - {x: 0, y: 1, z: 0}
  - {x: 1, y: 1, z: 0}
  - {x: 0, y: 1, z: -1}
  - {x: 1, y: 1, z: -1}
  - {x: 0, y: 0, z: -1}
  - {x: 1, y: 0, z: -1}
  - {x: 0, y: 0, z: 0}
  - {x: 1, y: 0, z: 0}
  m_Textures0:
  - {x: 0, y: 0}
  - {x: -1, y: 0}
  - {x: 0, y: 1}
  - {x: -1, y: 1}
  - {x: 0, y: 0}
  - {x: -1, y: 0}
  - {x: 0, y: 1}
  - {x: -1, y: 1}
  - {x: 1, y: 0}
  - {x: 0, y: 0}
  - {x: 1, y: 1}
  - {x: 0, y: 1}
  - {x: 1, y: 0}
  - {x: 0, y: 0}
  - {x: 1, y: 1}
  - {x: 0, y: 1}
  - {x: 0, y: 0}
  - {x: 1, y: 0}
  - {x: 0, y: -1}
  - {x: 1, y: -1}
  - {x: 0, y: -1}
  - {x: -1, y: -1}
  - {x: 0, y: 0}
  - {x: -1, y: 0}
  m_Textures2: []
  m_Textures3: []
  m_Tangents:
  - {x: -1, y: 0, z: 0, w: -1}
  - {x: -1, y: 0, z: 0, w: -1}
  - {x: -1, y: 0, z: 0, w: -1}
  - {x: -1, y: 0, z: 0, w: -1}
  - {x: 0, y: 0, z: 1, w: -1}
  - {x: 0, y: 0, z: 1, w: -1}
  - {x: 0, y: 0, z: 1, w: -1}
  - {x: 0, y: 0, z: 1, w: -1}
  - {x: 1, y: 0, z: 0, w: -1}
  - {x: 1, y: 0, z: 0, w: -1}
  - {x: 1, y: 0, z: 0, w: -1}
  - {x: 1, y: 0, z: 0, w: -1}
  - {x: 0, y: 0, z: -1, w: -1}
  - {x: 0, y: 0, z: -1, w: -1}
  - {x: 0, y: 0, z: -1, w: -1}
  - {x: 0, y: 0, z: -1, w: -1}
  - {x: 1, y: 0, z: 0, w: -1}
  - {x: 1, y: 0, z: 0, w: -1}
  - {x: 1, y: 0, z: 0, w: -1}
  - {x: 1, y: 0, z: 0, w: -1}
  - {x: -1, y: 0, z: 0, w: -1}
  - {x: -1, y: 0, z: 0, w: -1}
  - {x: -1, y: 0, z: 0, w: -1}
  - {x: -1, y: 0, z: 0, w: -1}
  m_Colors: []
  m_UnwrapParameters:
    m_HardAngle: 88
    m_PackMargin: 20
    m_AngleError: 8
    m_AreaError: 15
  m_PreserveMeshAssetOnDestroy: 0
  assetGuid: 
  m_IsSelectable: 1
  m_SelectedFaces: 
  m_SelectedEdges: []
  m_SelectedVertices: 
--- !u!64 &6841909649392277921
MeshCollider:
  m_ObjectHideFlags: 0
  m_CorrespondingSourceObject: {fileID: 0}
  m_PrefabInstance: {fileID: 0}
  m_PrefabAsset: {fileID: 0}
  m_GameObject: {fileID: 6841909649392277923}
  m_Material: {fileID: 0}
  m_IsTrigger: 0
  m_Enabled: 1
  serializedVersion: 3
  m_Convex: 0
  m_CookingOptions: 14
  m_Mesh: {fileID: 0}
--- !u!1 &8589204201341374875
GameObject:
  m_ObjectHideFlags: 0
  m_CorrespondingSourceObject: {fileID: 0}
  m_PrefabInstance: {fileID: 0}
  m_PrefabAsset: {fileID: 0}
  serializedVersion: 6
  m_Component:
  - component: {fileID: 517453497250662795}
  - component: {fileID: 3704060178154375909}
  - component: {fileID: 2035043257629301650}
  - component: {fileID: 97735689903542331}
  - component: {fileID: 7292104548234646924}
  - component: {fileID: 6222371360320621296}
  - component: {fileID: 1569321461533706881}
  m_Layer: 28
  m_Name: Fire
  m_TagString: Untagged
  m_Icon: {fileID: 0}
  m_NavMeshLayer: 0
  m_StaticEditorFlags: 0
  m_IsActive: 0
--- !u!4 &517453497250662795
Transform:
  m_ObjectHideFlags: 0
  m_CorrespondingSourceObject: {fileID: 0}
  m_PrefabInstance: {fileID: 0}
  m_PrefabAsset: {fileID: 0}
  m_GameObject: {fileID: 8589204201341374875}
  m_LocalRotation: {x: 0, y: 0, z: 0, w: 1}
  m_LocalPosition: {x: 2.86, y: 0.07, z: -1.38}
  m_LocalScale: {x: 2.2286, y: 0.04419755, z: 2.2286}
  m_Children: []
  m_Father: {fileID: 6841909648008175333}
  m_RootOrder: 3
  m_LocalEulerAnglesHint: {x: 0, y: 0, z: 0}
--- !u!33 &3704060178154375909
MeshFilter:
  m_ObjectHideFlags: 0
  m_CorrespondingSourceObject: {fileID: 0}
  m_PrefabInstance: {fileID: 0}
  m_PrefabAsset: {fileID: 0}
  m_GameObject: {fileID: 8589204201341374875}
  m_Mesh: {fileID: 10206, guid: 0000000000000000e000000000000000, type: 0}
--- !u!23 &2035043257629301650
MeshRenderer:
  m_ObjectHideFlags: 0
  m_CorrespondingSourceObject: {fileID: 0}
  m_PrefabInstance: {fileID: 0}
  m_PrefabAsset: {fileID: 0}
  m_GameObject: {fileID: 8589204201341374875}
  m_Enabled: 1
  m_CastShadows: 1
  m_ReceiveShadows: 1
  m_DynamicOccludee: 1
  m_MotionVectors: 1
  m_LightProbeUsage: 1
  m_ReflectionProbeUsage: 1
  m_RenderingLayerMask: 1
  m_RendererPriority: 0
  m_Materials:
  - {fileID: 2100000, guid: 1cb7356d557caf04e8ee34eb7ba33d87, type: 2}
  m_StaticBatchInfo:
    firstSubMesh: 0
    subMeshCount: 0
  m_StaticBatchRoot: {fileID: 0}
  m_ProbeAnchor: {fileID: 0}
  m_LightProbeVolumeOverride: {fileID: 0}
  m_ScaleInLightmap: 1
  m_ReceiveGI: 1
  m_PreserveUVs: 0
  m_IgnoreNormalsForChartDetection: 0
  m_ImportantGI: 0
  m_StitchLightmapSeams: 1
  m_SelectedEditorRenderState: 3
  m_MinimumChartSize: 4
  m_AutoUVMaxDistance: 0.5
  m_AutoUVMaxAngle: 89
  m_LightmapParameters: {fileID: 0}
  m_SortingLayerID: 0
  m_SortingLayer: 0
  m_SortingOrder: 0
--- !u!136 &97735689903542331
CapsuleCollider:
  m_ObjectHideFlags: 0
  m_CorrespondingSourceObject: {fileID: 0}
  m_PrefabInstance: {fileID: 0}
  m_PrefabAsset: {fileID: 0}
  m_GameObject: {fileID: 8589204201341374875}
  m_Material: {fileID: 0}
  m_IsTrigger: 1
  m_Enabled: 1
  m_Radius: 0.5000001
  m_Height: 2
  m_Direction: 1
  m_Center: {x: 0.000000059604645, y: 0, z: -0.00000008940697}
--- !u!54 &7292104548234646924
Rigidbody:
  m_ObjectHideFlags: 0
  m_CorrespondingSourceObject: {fileID: 0}
  m_PrefabInstance: {fileID: 0}
  m_PrefabAsset: {fileID: 0}
  m_GameObject: {fileID: 8589204201341374875}
  serializedVersion: 2
  m_Mass: 1
  m_Drag: 0
  m_AngularDrag: 0.05
  m_UseGravity: 1
  m_IsKinematic: 1
  m_Interpolate: 0
  m_Constraints: 0
  m_CollisionDetection: 0
--- !u!114 &6222371360320621296
MonoBehaviour:
  m_ObjectHideFlags: 0
  m_CorrespondingSourceObject: {fileID: 0}
  m_PrefabInstance: {fileID: 0}
  m_PrefabAsset: {fileID: 0}
  m_GameObject: {fileID: 8589204201341374875}
  m_Enabled: 1
  m_EditorHideFlags: 0
  m_Script: {fileID: 11500000, guid: e76d6c17c5770614d8fbad7e439838ab, type: 3}
  m_Name: 
  m_EditorClassIdentifier: 
  damageAmount: 1
  stopCamera: 0
--- !u!114 &1569321461533706881
MonoBehaviour:
  m_ObjectHideFlags: 0
  m_CorrespondingSourceObject: {fileID: 0}
  m_PrefabInstance: {fileID: 0}
  m_PrefabAsset: {fileID: 0}
  m_GameObject: {fileID: 8589204201341374875}
  m_Enabled: 1
  m_EditorHideFlags: 0
  m_Script: {fileID: 11500000, guid: 05cf15f0f3c811d47b802c309648aed4, type: 3}
  m_Name: 
  m_EditorClassIdentifier: 
  helpString: "\r\nRemember to have a collider set to trigger on this object or one
    of its children!\r\nAlso Remember to place that object in a layer that collide
    with what you want to damage \r\n(e.g. the Enemy layer does not collide with the
    Player layer, so add it to a child in a different layer)\r\n"
  amount: 1
  damagedLayers:
    serializedVersion: 2
    m_Bits: 8389120
