%YAML 1.1
%TAG !u! tag:unity3d.com,2011:
--- !u!1 &8295294762695709480
GameObject:
  m_ObjectHideFlags: 0
  m_CorrespondingSourceObject: {fileID: 0}
  m_PrefabInstance: {fileID: 0}
  m_PrefabAsset: {fileID: 0}
  serializedVersion: 6
  m_Component:
  - component: {fileID: 8295294762695709483}
  - component: {fileID: 8295294762695709482}
  - component: {fileID: 2898694775870099766}
  - component: {fileID: 8895408994791367677}
  - component: {fileID: 8295294762695709481}
  - component: {fileID: 8295294762695709484}
  - component: {fileID: 1591882372}
  m_Layer: 23
  m_Name: PlaceholderEnemy
  m_TagString: Enemy
  m_Icon: {fileID: 0}
  m_NavMeshLayer: 0
  m_StaticEditorFlags: 0
  m_IsActive: 1
--- !u!4 &8295294762695709483
Transform:
  m_ObjectHideFlags: 0
  m_CorrespondingSourceObject: {fileID: 0}
  m_PrefabInstance: {fileID: 0}
  m_PrefabAsset: {fileID: 0}
  m_GameObject: {fileID: 8295294762695709480}
  m_LocalRotation: {x: 0, y: 1, z: -0, w: -0.0000001872535}
  m_LocalPosition: {x: 0, y: 0, z: 0}
  m_LocalScale: {x: 1, y: 1, z: 1}
  m_Children:
  - {fileID: 2339350436728094967}
  m_Father: {fileID: 0}
  m_RootOrder: 0
  m_LocalEulerAnglesHint: {x: 0, y: 180.00002, z: 0}
--- !u!195 &8295294762695709482
NavMeshAgent:
  m_ObjectHideFlags: 0
  m_CorrespondingSourceObject: {fileID: 0}
  m_PrefabInstance: {fileID: 0}
  m_PrefabAsset: {fileID: 0}
  m_GameObject: {fileID: 8295294762695709480}
  m_Enabled: 1
  m_AgentTypeID: 0
  m_Radius: 0.5
  m_Speed: 3.5
  m_Acceleration: 8
  avoidancePriority: 50
  m_AngularSpeed: 120
  m_StoppingDistance: 0
  m_AutoTraverseOffMeshLink: 1
  m_AutoBraking: 1
  m_AutoRepath: 1
  m_Height: 1.25
  m_BaseOffset: 0
  m_WalkableMask: 4294967295
  m_ObstacleAvoidanceType: 4
--- !u!95 &2898694775870099766
Animator:
  serializedVersion: 3
  m_ObjectHideFlags: 0
  m_CorrespondingSourceObject: {fileID: 0}
  m_PrefabInstance: {fileID: 0}
  m_PrefabAsset: {fileID: 0}
  m_GameObject: {fileID: 8295294762695709480}
  m_Enabled: 1
  m_Avatar: {fileID: 9000000, guid: 5d5fe8c620c5ea3489a6f591d8ea27bf, type: 3}
  m_Controller: {fileID: 9100000, guid: 711c117a97bb3ec4db01a03464925782, type: 2}
  m_CullingMode: 0
  m_UpdateMode: 0
  m_ApplyRootMotion: 0
  m_LinearVelocityBlending: 0
  m_WarningMessage: 
  m_HasTransformHierarchy: 1
  m_AllowConstantClipSamplingOptimization: 1
  m_KeepAnimatorControllerStateOnDisable: 0
--- !u!136 &8895408994791367677
CapsuleCollider:
  m_ObjectHideFlags: 0
  m_CorrespondingSourceObject: {fileID: 0}
  m_PrefabInstance: {fileID: 0}
  m_PrefabAsset: {fileID: 0}
  m_GameObject: {fileID: 8295294762695709480}
  m_Material: {fileID: 0}
  m_IsTrigger: 0
  m_Enabled: 1
  m_Radius: 0.5018964
  m_Height: 1.4866312
  m_Direction: 1
  m_Center: {x: 0.019117117, y: 0.7303088, z: 0.008455023}
--- !u!114 &8295294762695709481
MonoBehaviour:
  m_ObjectHideFlags: 0
  m_CorrespondingSourceObject: {fileID: 0}
  m_PrefabInstance: {fileID: 0}
  m_PrefabAsset: {fileID: 0}
  m_GameObject: {fileID: 8295294762695709480}
  m_Enabled: 1
  m_EditorHideFlags: 0
  m_Script: {fileID: 11500000, guid: 8d7b55c7ecdb49a4a89fa5e6f9022861, type: 3}
  m_Name: 
  m_EditorClassIdentifier: 
  startWhenEnabled: 1
  asynchronousLoad: 0
  pauseWhenDisabled: 0
  restartWhenComplete: 0
  logTaskChanges: 0
  group: 0
  resetValuesOnRestart: 0
  externalBehavior: {fileID: 11400000, guid: 182839ab4e80df547b505828ba82e935, type: 2}
  mBehaviorSource:
    behaviorName: Behavior
    behaviorDescription: 
    mTaskData:
      types: []
      parentIndex: 
      startIndex: 
      variableStartIndex: 000000000400000008000000
      JSONSerialization: 
      fieldSerializationData:
        typeName: []
        fieldNameHash: f9be55564aaa52567707a104c17bf6c7f9be55564aaa52567707a1041af3e5d3f9be55564aaa52567707a1041af3e5d3
        startIndex: 000000000100000002000000030000000400000005000000060000000700000008000000090000000a0000000b000000
        dataPosition: 000000002d00000037000000380000003c000000600000006a0000006b0000006f000000930000009b0000009c000000
        unityObjects: []
        byteData: 4265686176696f7244657369676e65722e52756e74696d652e53686172656447616d654f626a6563744c697374776179706f696e74474f01000000004265686176696f7244657369676e65722e52756e74696d652e536861726564466c6f6174656e656d79537065656401000060404265686176696f7244657369676e65722e52756e74696d652e536861726564466c6f6174636f6f6c646f776e0100000000
        byteDataArray: 
      Version: 1.6.4
  gizmoViewMode: 2
  showBehaviorDesignerGizmo: 1
--- !u!114 &8295294762695709484
MonoBehaviour:
  m_ObjectHideFlags: 0
  m_CorrespondingSourceObject: {fileID: 0}
  m_PrefabInstance: {fileID: 0}
  m_PrefabAsset: {fileID: 0}
  m_GameObject: {fileID: 8295294762695709480}
  m_Enabled: 1
  m_EditorHideFlags: 0
  m_Script: {fileID: 1384774831, guid: e743331561ef77147ae48cda9bcb8209, type: 3}
  m_Name: 
  m_EditorClassIdentifier: 
  fsm:
    dataVersion: 2
    usedInTemplate: {fileID: 0}
    name: Movement
    startState: Movement
    states:
    - name: Movement
      description: 
      colorIndex: 0
      position:
        serializedVersion: 2
        x: 50
        y: 100
        width: 100
        height: 16
      isBreakpoint: 0
      isSequence: 0
      hideUnused: 0
      transitions: []
      actionData:
        actionNames:
        - HutongGames.PlayMaker.Actions.GetAgentVelocity
        - HutongGames.PlayMaker.Actions.GetVector3XYZ
        - HutongGames.PlayMaker.Actions.FloatAbs
        - HutongGames.PlayMaker.Actions.FloatAbs
        - HutongGames.PlayMaker.Actions.FloatOperator
        - HutongGames.PlayMaker.Actions.SetAnimatorFloat
        customNames:
        - 
        - 
        - 
        - 
        - 
        - 
        actionEnabled: 010101010101
        actionIsOpen: 000000000000
        actionStartIndex: 00000000050000000a0000000c0000000e00000013000000
        actionHashCodes: 60ed8d006f1d0b0444e7c20444e7c2040cdb0405f9cb7200
        unityObjectParams: []
        fsmGameObjectParams: []
        fsmOwnerDefaultParams:
        - ownerOption: 0
          gameObject:
            useVariable: 0
            name: 
            tooltip: 
            showInInspector: 0
            networkSync: 0
            value: {fileID: 0}
        - ownerOption: 0
          gameObject:
            useVariable: 0
            name: 
            tooltip: 
            showInInspector: 0
            networkSync: 0
            value: {fileID: 0}
        animationCurveParams: []
        functionCallParams: []
        fsmTemplateControlParams: []
        fsmEventTargetParams: []
        fsmPropertyParams: []
        layoutOptionParams: []
        fsmStringParams:
        - useVariable: 0
          name: 
          tooltip: 
          showInInspector: 0
          networkSync: 0
          value: speed
        fsmObjectParams: []
        fsmVarParams: []
        fsmArrayParams: []
        fsmEnumParams: []
        fsmFloatParams:
        - useVariable: 1
          name: 
          tooltip: 
          showInInspector: 0
          networkSync: 0
          value: 0
        - useVariable: 1
          name: 
          tooltip: 
          showInInspector: 0
          networkSync: 0
          value: 0
        - useVariable: 1
          name: agentX
          tooltip: 
          showInInspector: 0
          networkSync: 0
          value: 0
        - useVariable: 1
          name: 
          tooltip: 
          showInInspector: 0
          networkSync: 0
          value: 0
        - useVariable: 1
          name: agentZ
          tooltip: 
          showInInspector: 0
          networkSync: 0
          value: 0
        - useVariable: 1
          name: agentX
          tooltip: 
          showInInspector: 0
          networkSync: 0
          value: 0
        - useVariable: 1
          name: agentZ
          tooltip: 
          showInInspector: 0
          networkSync: 0
          value: 0
        - useVariable: 1
          name: agentX
          tooltip: 
          showInInspector: 0
          networkSync: 0
          value: 0
        - useVariable: 1
          name: agentZ
          tooltip: 
          showInInspector: 0
          networkSync: 0
          value: 0
        - useVariable: 1
          name: speed
          tooltip: 
          showInInspector: 0
          networkSync: 0
          value: 0
        - useVariable: 1
          name: speed
          tooltip: 
          showInInspector: 0
          networkSync: 0
          value: 0
        - useVariable: 1
          name: 
          tooltip: 
          showInInspector: 0
          networkSync: 0
          value: 0
        fsmIntParams: []
        fsmBoolParams: []
        fsmVector2Params: []
        fsmVector3Params:
        - useVariable: 1
          name: agentVelocity
          tooltip: 
          showInInspector: 0
          networkSync: 0
          value: {x: 0, y: 0, z: 0}
        - useVariable: 1
          name: agentVelocity
          tooltip: 
          showInInspector: 0
          networkSync: 0
          value: {x: 0, y: 0, z: 0}
        fsmColorParams: []
        fsmRectParams: []
        fsmQuaternionParams: []
        stringParams: []
        byteData: 0101010105000000010100000000
        arrayParamSizes: 
        arrayParamTypes: []
        customTypeSizes: 
        customTypeNames: []
        paramDataType: 140000001c0000000f0000000f000000010000001c0000000f0000000f0000000f000000010000000f000000010000000f000000010000000f0000000f000000070000000f0000000100000014000000120000000f0000000f0000000100000007000000
        paramName:
        - gameObject
        - velocity
        - velocityMagnitude
        - velocitySqrMagnitude
        - everyFrame
        - vector3Variable
        - storeX
        - storeY
        - storeZ
        - everyFrame
        - floatVariable
        - everyFrame
        - floatVariable
        - everyFrame
        - float1
        - float2
        - operation
        - storeResult
        - everyFrame
        - gameObject
        - parameter
        - Value
        - dampTime
        - everyFrame
        - everyFrameOption
        paramDataPos: 0000000000000000000000000100000000000000010000000200000003000000040000000100000005000000020000000600000003000000070000000800000004000000090000000800000001000000000000000a0000000b000000090000000a000000
        paramByteDataSize: 00000000000000000000000000000000010000000000000000000000000000000000000001000000000000000100000000000000010000000000000000000000040000000000000001000000000000000000000000000000000000000100000004000000
    events:
    - name: FINISHED
      isSystemEvent: 1
      isGlobal: 0
    - name: ATTACK
      isSystemEvent: 0
      isGlobal: 1
    globalTransitions: []
    variables:
      floatVariables:
      - useVariable: 1
        name: agentX
        tooltip: 
        showInInspector: 0
        networkSync: 0
        value: 0
      - useVariable: 1
        name: agentZ
        tooltip: 
        showInInspector: 0
        networkSync: 0
        value: 0
      - useVariable: 1
        name: speed
        tooltip: 
        showInInspector: 0
        networkSync: 0
        value: 0
      intVariables: []
      boolVariables: []
      stringVariables:
      - useVariable: 1
        name: animName
        tooltip: 
        showInInspector: 0
        networkSync: 0
        value: 
      vector2Variables: []
      vector3Variables:
      - useVariable: 1
        name: agentVelocity
        tooltip: 
        showInInspector: 0
        networkSync: 0
        value: {x: 0, y: 0, z: 0}
      colorVariables: []
      rectVariables: []
      quaternionVariables: []
      gameObjectVariables: []
      objectVariables: []
      materialVariables: []
      textureVariables: []
      arrayVariables: []
      enumVariables: []
      categories:
      - 
      variableCategoryIDs: 0000000000000000000000000000000000000000
    description: 
    docUrl: 
    showStateLabel: 0
    maxLoopCount: 0
    watermark: 
    password: 
    locked: 0
    manualUpdate: 0
    keepDelayedEventsOnStateExit: 0
    preprocessed: 0
    ExposedEvents: []
    RestartOnEnable: 1
    EnableDebugFlow: 0
    EnableBreakpoints: 1
    editorFlags: 1
    activeStateName: 
    mouseEvents: 0
    handleLevelLoaded: 0
    handleTriggerEnter2D: 0
    handleTriggerExit2D: 0
    handleTriggerStay2D: 0
    handleCollisionEnter2D: 0
    handleCollisionExit2D: 0
    handleCollisionStay2D: 0
    handleTriggerEnter: 0
    handleTriggerExit: 0
    handleTriggerStay: 0
    handleCollisionEnter: 0
    handleCollisionExit: 0
    handleCollisionStay: 0
    handleParticleCollision: 0
    handleControllerColliderHit: 0
    handleJointBreak: 0
    handleJointBreak2D: 0
    handleOnGUI: 0
    handleFixedUpdate: 0
    handleLateUpdate: 0
    handleApplicationEvents: 0
    handleUiEvents: 0
    handleLegacyNetworking: 0
    handleAnimatorMove: 0
    handleAnimatorIK: 0
  fsmTemplate: {fileID: 0}
  eventHandlerComponentsAdded: 0
--- !u!114 &1591882372
MonoBehaviour:
  m_ObjectHideFlags: 0
  m_CorrespondingSourceObject: {fileID: 0}
  m_PrefabInstance: {fileID: 0}
  m_PrefabAsset: {fileID: 0}
  m_GameObject: {fileID: 8295294762695709480}
  m_Enabled: 1
  m_EditorHideFlags: 0
  m_Script: {fileID: 1384774831, guid: e743331561ef77147ae48cda9bcb8209, type: 3}
  m_Name: 
  m_EditorClassIdentifier: 
  fsm:
    dataVersion: 2
    usedInTemplate: {fileID: 0}
    name: Attack
    startState: init
    states:
    - name: init
      description: 
      colorIndex: 0
      position:
        serializedVersion: 2
        x: 384
        y: 112
        width: 100
        height: 16
      isBreakpoint: 0
      isSequence: 0
      hideUnused: 0
      transitions: []
      actionData:
        actionNames: []
        customNames: []
        actionEnabled: 
        actionIsOpen: 
        actionStartIndex: 
        actionHashCodes: 
        unityObjectParams: []
        fsmGameObjectParams: []
        fsmOwnerDefaultParams: []
        animationCurveParams: []
        functionCallParams: []
        fsmTemplateControlParams: []
        fsmEventTargetParams: []
        fsmPropertyParams: []
        layoutOptionParams: []
        fsmStringParams: []
        fsmObjectParams: []
        fsmVarParams: []
        fsmArrayParams: []
        fsmEnumParams: []
        fsmFloatParams: []
        fsmIntParams: []
        fsmBoolParams: []
        fsmVector2Params: []
        fsmVector3Params: []
        fsmColorParams: []
        fsmRectParams: []
        fsmQuaternionParams: []
        stringParams: []
        byteData: 
        arrayParamSizes: 
        arrayParamTypes: []
        customTypeSizes: 
        customTypeNames: []
        paramDataType: 
        paramName: []
        paramDataPos: 
        paramByteDataSize: 
    - name: Anim
      description: 
      colorIndex: 0
      position:
        serializedVersion: 2
        x: 64
        y: 128
        width: 100
        height: 32
      isBreakpoint: 0
      isSequence: 0
      hideUnused: 0
      transitions:
      - fsmEvent:
          name: FINISHED
          isSystemEvent: 1
          isGlobal: 0
        toState: Dmg
        linkStyle: 0
        linkConstraint: 0
        colorIndex: 0
      actionData:
        actionNames:
        - HutongGames.PlayMaker.Actions.AnimatorPlay
        - HutongGames.PlayMaker.Actions.AnimateFloat
        - HutongGames.PlayMaker.Actions.Wait
        customNames:
        - 
        - 
        - 
        actionEnabled: 010101
        actionIsOpen: 000000
        actionStartIndex: 000000000500000009000000
        actionHashCodes: c34b41050ba6390448c01101
        unityObjectParams: []
        fsmGameObjectParams: []
        fsmOwnerDefaultParams:
        - ownerOption: 0
          gameObject:
            useVariable: 0
            name: 
            tooltip: 
            showInInspector: 0
            networkSync: 0
            value: {fileID: 0}
        animationCurveParams:
        - curve:
            serializedVersion: 2
            m_Curve:
            - serializedVersion: 3
              time: 0
              value: 0
              inSlope: 1
              outSlope: 1
              tangentMode: 34
              weightedMode: 0
              inWeight: 0
              outWeight: 0
            - serializedVersion: 3
              time: 1
              value: 1
              inSlope: 1
              outSlope: 1
              tangentMode: 34
              weightedMode: 0
              inWeight: 0
              outWeight: 0
            m_PreInfinity: 2
            m_PostInfinity: 2
            m_RotationOrder: 4
        functionCallParams: []
        fsmTemplateControlParams: []
        fsmEventTargetParams: []
        fsmPropertyParams: []
        layoutOptionParams: []
        fsmStringParams:
        - useVariable: 0
          name: 
          tooltip: 
          showInInspector: 0
          networkSync: 0
          value: Attack
        fsmObjectParams: []
        fsmVarParams: []
        fsmArrayParams: []
        fsmEnumParams: []
        fsmFloatParams:
        - useVariable: 1
          name: normTime
          tooltip: 
          showInInspector: 0
          networkSync: 0
          value: 1
        - useVariable: 1
          name: normTime
          tooltip: 
          showInInspector: 0
          networkSync: 0
          value: 1
        - useVariable: 1
          name: normTime
          tooltip: 
          showInInspector: 0
          networkSync: 0
          value: 1
        fsmIntParams:
        - useVariable: 1
          name: 
          tooltip: 
          showInInspector: 0
          networkSync: 0
          value: 0
        fsmBoolParams: []
        fsmVector2Params: []
        fsmVector3Params: []
        fsmColorParams: []
        fsmRectParams: []
        fsmQuaternionParams: []
        stringParams:
        - 
        - FINISHED
        byteData: 000000
        arrayParamSizes: 
        arrayParamTypes: []
        customTypeSizes: 
        customTypeNames: []
        paramDataType: 1400000012000000100000000f00000001000000160000000f00000017000000010000000f0000001700000001000000
        paramName:
        - gameObject
        - stateName
        - layer
        - normalizedTime
        - everyFrame
        - animCurve
        - floatVariable
        - finishEvent
        - realTime
        - time
        - finishEvent
        - realTime
        paramDataPos: 000000000000000000000000000000000000000000000000010000000000000001000000020000000100000002000000
        paramByteDataSize: 000000000000000000000000000000000100000000000000000000000000000001000000000000000000000001000000
    - name: Resume
      description: 
      colorIndex: 0
      position:
        serializedVersion: 2
        x: 64
        y: 224
        width: 100
        height: 16
      isBreakpoint: 0
      isSequence: 0
      hideUnused: 0
      transitions: []
      actionData:
        actionNames:
        - HutongGames.PlayMaker.Action.ResumeBehaviorTree
        customNames:
        - 
        actionEnabled: 01
        actionIsOpen: 01
        actionStartIndex: 00000000
        actionHashCodes: 62f95203
        unityObjectParams: []
        fsmGameObjectParams: []
        fsmOwnerDefaultParams: []
        animationCurveParams: []
        functionCallParams: []
        fsmTemplateControlParams: []
        fsmEventTargetParams: []
        fsmPropertyParams: []
        layoutOptionParams: []
        fsmStringParams: []
        fsmObjectParams: []
        fsmVarParams: []
        fsmArrayParams: []
        fsmEnumParams: []
        fsmFloatParams: []
        fsmIntParams: []
        fsmBoolParams:
        - useVariable: 0
          name: 
          tooltip: 
          showInInspector: 0
          networkSync: 0
          value: 1
        fsmVector2Params: []
        fsmVector3Params: []
        fsmColorParams: []
        fsmRectParams: []
        fsmQuaternionParams: []
        stringParams: []
        byteData: 
        arrayParamSizes: 
        arrayParamTypes: []
        customTypeSizes: 
        customTypeNames: []
        paramDataType: 11000000
        paramName:
        - success
        paramDataPos: 00000000
        paramByteDataSize: 00000000
    - name: Dmg
      description: 
      colorIndex: 0
      position:
        serializedVersion: 2
        x: 64
        y: 176
        width: 100
        height: 32
      isBreakpoint: 0
      isSequence: 0
      hideUnused: 0
      transitions:
      - fsmEvent:
          name: FINISHED
          isSystemEvent: 1
          isGlobal: 0
        toState: Resume
        linkStyle: 0
        linkConstraint: 0
        colorIndex: 0
      actionData:
        actionNames:
        - HutongGames.PlayMaker.Actions.IntAdd
        customNames:
        - 
        actionEnabled: 01
        actionIsOpen: 01
        actionStartIndex: 00000000
        actionHashCodes: 603dd905
        unityObjectParams: []
        fsmGameObjectParams: []
        fsmOwnerDefaultParams: []
        animationCurveParams: []
        functionCallParams: []
        fsmTemplateControlParams: []
        fsmEventTargetParams: []
        fsmPropertyParams: []
        layoutOptionParams: []
        fsmStringParams: []
        fsmObjectParams: []
        fsmVarParams: []
        fsmArrayParams: []
        fsmEnumParams: []
        fsmFloatParams: []
        fsmIntParams:
        - useVariable: 1
          name: PLAYERHP
          tooltip: 
          showInInspector: 0
          networkSync: 0
          value: 10
        - useVariable: 0
          name: 
          tooltip: 
          showInInspector: 0
          networkSync: 0
          value: -1
        fsmBoolParams: []
        fsmVector2Params: []
        fsmVector3Params: []
        fsmColorParams: []
        fsmRectParams: []
        fsmQuaternionParams: []
        stringParams: []
        byteData: 00
        arrayParamSizes: 
        arrayParamTypes: []
        customTypeSizes: 
        customTypeNames: []
        paramDataType: 100000001000000001000000
        paramName:
        - intVariable
        - add
        - everyFrame
        paramDataPos: 000000000100000000000000
        paramByteDataSize: 000000000000000001000000
    events:
    - name: FINISHED
      isSystemEvent: 1
      isGlobal: 0
    - name: ATTACK1
      isSystemEvent: 0
      isGlobal: 0
    - name: continue
      isSystemEvent: 0
      isGlobal: 0
    - name: sendDamage
      isSystemEvent: 0
      isGlobal: 0
    globalTransitions:
    - fsmEvent:
        name: ATTACK1
        isSystemEvent: 0
        isGlobal: 0
      toState: Anim
      linkStyle: 0
      linkConstraint: 0
      colorIndex: 0
    variables:
      floatVariables:
      - useVariable: 1
        name: normTime
        tooltip: 
        showInInspector: 0
        networkSync: 0
        value: 1
      intVariables: []
      boolVariables: []
      stringVariables: []
      vector2Variables: []
      vector3Variables: []
      colorVariables: []
      rectVariables: []
      quaternionVariables: []
      gameObjectVariables: []
      objectVariables: []
      materialVariables: []
      textureVariables: []
      arrayVariables: []
      enumVariables: []
      categories:
      - 
      variableCategoryIDs: 00000000
    description: 
    docUrl: 
    showStateLabel: 0
    maxLoopCount: 0
    watermark: 
    password: 
    locked: 0
    manualUpdate: 0
    keepDelayedEventsOnStateExit: 0
    preprocessed: 0
    ExposedEvents: []
    RestartOnEnable: 1
    EnableDebugFlow: 0
    EnableBreakpoints: 1
    editorFlags: 1
    activeStateName: 
    mouseEvents: 0
    handleLevelLoaded: 0
    handleTriggerEnter2D: 0
    handleTriggerExit2D: 0
    handleTriggerStay2D: 0
    handleCollisionEnter2D: 0
    handleCollisionExit2D: 0
    handleCollisionStay2D: 0
    handleTriggerEnter: 0
    handleTriggerExit: 0
    handleTriggerStay: 0
    handleCollisionEnter: 0
    handleCollisionExit: 0
    handleCollisionStay: 0
    handleParticleCollision: 0
    handleControllerColliderHit: 0
    handleJointBreak: 0
    handleJointBreak2D: 0
    handleOnGUI: 0
    handleFixedUpdate: 0
    handleLateUpdate: 0
    handleApplicationEvents: 0
    handleUiEvents: 0
    handleLegacyNetworking: 0
    handleAnimatorMove: 0
    handleAnimatorIK: 0
  fsmTemplate: {fileID: 0}
  eventHandlerComponentsAdded: 0
--- !u!1001 &7281685206099880941
PrefabInstance:
  m_ObjectHideFlags: 0
  serializedVersion: 2
  m_Modification:
    m_TransformParent: {fileID: 8295294762695709483}
    m_Modifications:
    - target: {fileID: -927199367670048503, guid: 5d5fe8c620c5ea3489a6f591d8ea27bf,
        type: 3}
      propertyPath: m_Name
      value: ZombieGrunt_Idle
      objectReference: {fileID: 0}
    - target: {fileID: -4216859302048453862, guid: 5d5fe8c620c5ea3489a6f591d8ea27bf,
        type: 3}
      propertyPath: m_LocalPosition.x
      value: 0
      objectReference: {fileID: 0}
    - target: {fileID: -4216859302048453862, guid: 5d5fe8c620c5ea3489a6f591d8ea27bf,
        type: 3}
      propertyPath: m_LocalPosition.y
      value: 0
      objectReference: {fileID: 0}
    - target: {fileID: -4216859302048453862, guid: 5d5fe8c620c5ea3489a6f591d8ea27bf,
        type: 3}
      propertyPath: m_LocalPosition.z
      value: 0
      objectReference: {fileID: 0}
    - target: {fileID: -4216859302048453862, guid: 5d5fe8c620c5ea3489a6f591d8ea27bf,
        type: 3}
      propertyPath: m_LocalRotation.x
      value: 0
      objectReference: {fileID: 0}
    - target: {fileID: -4216859302048453862, guid: 5d5fe8c620c5ea3489a6f591d8ea27bf,
        type: 3}
      propertyPath: m_LocalRotation.y
      value: 0
      objectReference: {fileID: 0}
    - target: {fileID: -4216859302048453862, guid: 5d5fe8c620c5ea3489a6f591d8ea27bf,
        type: 3}
      propertyPath: m_LocalRotation.z
      value: 0
      objectReference: {fileID: 0}
    - target: {fileID: -4216859302048453862, guid: 5d5fe8c620c5ea3489a6f591d8ea27bf,
        type: 3}
      propertyPath: m_LocalRotation.w
      value: 1
      objectReference: {fileID: 0}
    - target: {fileID: -4216859302048453862, guid: 5d5fe8c620c5ea3489a6f591d8ea27bf,
        type: 3}
      propertyPath: m_RootOrder
      value: 0
      objectReference: {fileID: 0}
    - target: {fileID: -4216859302048453862, guid: 5d5fe8c620c5ea3489a6f591d8ea27bf,
        type: 3}
      propertyPath: m_LocalEulerAnglesHint.x
      value: 0
      objectReference: {fileID: 0}
    - target: {fileID: -4216859302048453862, guid: 5d5fe8c620c5ea3489a6f591d8ea27bf,
        type: 3}
      propertyPath: m_LocalEulerAnglesHint.y
      value: 0
      objectReference: {fileID: 0}
    - target: {fileID: -4216859302048453862, guid: 5d5fe8c620c5ea3489a6f591d8ea27bf,
        type: 3}
      propertyPath: m_LocalEulerAnglesHint.z
      value: 0
      objectReference: {fileID: 0}
    m_RemovedComponents: []
  m_SourcePrefab: {fileID: 100100000, guid: 5d5fe8c620c5ea3489a6f591d8ea27bf, type: 3}
--- !u!4 &2339350436728094967 stripped
Transform:
  m_CorrespondingSourceObject: {fileID: -4216859302048453862, guid: 5d5fe8c620c5ea3489a6f591d8ea27bf,
    type: 3}
  m_PrefabInstance: {fileID: 7281685206099880941}
  m_PrefabAsset: {fileID: 0}
