%YAML 1.1
%TAG !u! tag:unity3d.com,2011:
--- !u!1 &15071496690560872
GameObject:
  m_ObjectHideFlags: 0
  m_CorrespondingSourceObject: {fileID: 0}
  m_PrefabInstance: {fileID: 0}
  m_PrefabAsset: {fileID: 0}
  serializedVersion: 6
  m_Component:
  - component: {fileID: 3051939142485901748}
  - component: {fileID: 3601059971156007568}
  - component: {fileID: 8641683526867849138}
  m_Layer: 16
  m_Name: leaves
  m_TagString: Untagged
  m_Icon: {fileID: 0}
  m_NavMeshLayer: 0
  m_StaticEditorFlags: 0
  m_IsActive: 1
--- !u!4 &3051939142485901748
Transform:
  m_ObjectHideFlags: 0
  m_CorrespondingSourceObject: {fileID: 0}
  m_PrefabInstance: {fileID: 0}
  m_PrefabAsset: {fileID: 0}
  m_GameObject: {fileID: 15071496690560872}
  m_LocalRotation: {x: -0.3353089, y: -0.34167904, z: -0.110923626, w: 0.87093014}
  m_LocalPosition: {x: -1.241, y: 2.387, z: 0.65}
  m_LocalScale: {x: 0.54592234, y: 0.7641904, z: 0.7641904}
  m_Children:
  - {fileID: 3118314812554553903}
  m_Father: {fileID: 5721419993154609927}
  m_RootOrder: 0
  m_LocalEulerAnglesHint: {x: 0, y: 0, z: 0}
--- !u!33 &3601059971156007568
MeshFilter:
  m_ObjectHideFlags: 0
  m_CorrespondingSourceObject: {fileID: 0}
  m_PrefabInstance: {fileID: 0}
  m_PrefabAsset: {fileID: 0}
  m_GameObject: {fileID: 15071496690560872}
  m_Mesh: {fileID: -6062578164958778753, guid: 4c025a74801a1b245a21914ff0a5c716, type: 3}
--- !u!23 &8641683526867849138
MeshRenderer:
  m_ObjectHideFlags: 0
  m_CorrespondingSourceObject: {fileID: 0}
  m_PrefabInstance: {fileID: 0}
  m_PrefabAsset: {fileID: 0}
  m_GameObject: {fileID: 15071496690560872}
  m_Enabled: 1
  m_CastShadows: 1
  m_ReceiveShadows: 1
  m_DynamicOccludee: 1
  m_MotionVectors: 1
  m_LightProbeUsage: 1
  m_ReflectionProbeUsage: 1
  m_RenderingLayerMask: 1
  m_RendererPriority: 0
  m_Materials:
  - {fileID: 2100000, guid: 5865485ebd78a9148a6ea7bef86ffb9c, type: 2}
  m_StaticBatchInfo:
    firstSubMesh: 0
    subMeshCount: 0
  m_StaticBatchRoot: {fileID: 0}
  m_ProbeAnchor: {fileID: 0}
  m_LightProbeVolumeOverride: {fileID: 0}
  m_ScaleInLightmap: 1
  m_ReceiveGI: 1
  m_PreserveUVs: 0
  m_IgnoreNormalsForChartDetection: 0
  m_ImportantGI: 0
  m_StitchLightmapSeams: 1
  m_SelectedEditorRenderState: 3
  m_MinimumChartSize: 4
  m_AutoUVMaxDistance: 0.5
  m_AutoUVMaxAngle: 89
  m_LightmapParameters: {fileID: 0}
  m_SortingLayerID: 0
  m_SortingLayer: 0
  m_SortingOrder: 0
--- !u!1 &2802753790119165178
GameObject:
  m_ObjectHideFlags: 0
  m_CorrespondingSourceObject: {fileID: 0}
  m_PrefabInstance: {fileID: 0}
  m_PrefabAsset: {fileID: 0}
  serializedVersion: 6
  m_Component:
  - component: {fileID: 8152898910023194468}
  - component: {fileID: 5911718289711541102}
  - component: {fileID: 1061961210947560571}
  - component: {fileID: 3355927395115184506}
  m_Layer: 16
  m_Name: treetrunk
  m_TagString: Environment
  m_Icon: {fileID: 0}
  m_NavMeshLayer: 0
  m_StaticEditorFlags: 0
  m_IsActive: 1
--- !u!4 &8152898910023194468
Transform:
  m_ObjectHideFlags: 0
  m_CorrespondingSourceObject: {fileID: 0}
  m_PrefabInstance: {fileID: 0}
  m_PrefabAsset: {fileID: 0}
  m_GameObject: {fileID: 2802753790119165178}
  m_LocalRotation: {x: -0.7071068, y: 0, z: -0, w: 0.7071068}
  m_LocalPosition: {x: 0.16059045, y: 0, z: -0.016839309}
  m_LocalScale: {x: 1, y: 1, z: 1.2941}
  m_Children: []
  m_Father: {fileID: 5721419993154609927}
  m_RootOrder: 1
  m_LocalEulerAnglesHint: {x: 0, y: 0, z: 0}
--- !u!33 &5911718289711541102
MeshFilter:
  m_ObjectHideFlags: 0
  m_CorrespondingSourceObject: {fileID: 0}
  m_PrefabInstance: {fileID: 0}
  m_PrefabAsset: {fileID: 0}
  m_GameObject: {fileID: 2802753790119165178}
  m_Mesh: {fileID: -5497631316649286544, guid: 4c025a74801a1b245a21914ff0a5c716, type: 3}
--- !u!23 &1061961210947560571
MeshRenderer:
  m_ObjectHideFlags: 0
  m_CorrespondingSourceObject: {fileID: 0}
  m_PrefabInstance: {fileID: 0}
  m_PrefabAsset: {fileID: 0}
  m_GameObject: {fileID: 2802753790119165178}
  m_Enabled: 1
  m_CastShadows: 1
  m_ReceiveShadows: 1
  m_DynamicOccludee: 1
  m_MotionVectors: 1
  m_LightProbeUsage: 1
  m_ReflectionProbeUsage: 1
  m_RenderingLayerMask: 1
  m_RendererPriority: 0
  m_Materials:
  - {fileID: 2100000, guid: 4f0038a6326c53b4da9164423527be33, type: 2}
  m_StaticBatchInfo:
    firstSubMesh: 0
    subMeshCount: 0
  m_StaticBatchRoot: {fileID: 0}
  m_ProbeAnchor: {fileID: 0}
  m_LightProbeVolumeOverride: {fileID: 0}
  m_ScaleInLightmap: 1
  m_ReceiveGI: 1
  m_PreserveUVs: 0
  m_IgnoreNormalsForChartDetection: 0
  m_ImportantGI: 0
  m_StitchLightmapSeams: 1
  m_SelectedEditorRenderState: 3
  m_MinimumChartSize: 4
  m_AutoUVMaxDistance: 0.5
  m_AutoUVMaxAngle: 89
  m_LightmapParameters: {fileID: 0}
  m_SortingLayerID: 0
  m_SortingLayer: 0
  m_SortingOrder: 0
--- !u!64 &3355927395115184506
MeshCollider:
  m_ObjectHideFlags: 0
  m_CorrespondingSourceObject: {fileID: 0}
  m_PrefabInstance: {fileID: 0}
  m_PrefabAsset: {fileID: 0}
  m_GameObject: {fileID: 2802753790119165178}
  m_Material: {fileID: 0}
  m_IsTrigger: 0
  m_Enabled: 1
  serializedVersion: 3
  m_Convex: 1
  m_CookingOptions: 14
  m_Mesh: {fileID: -5497631316649286544, guid: 4c025a74801a1b245a21914ff0a5c716, type: 3}
--- !u!1 &8736359800072999188
GameObject:
  m_ObjectHideFlags: 0
  m_CorrespondingSourceObject: {fileID: 0}
  m_PrefabInstance: {fileID: 0}
  m_PrefabAsset: {fileID: 0}
  serializedVersion: 6
  m_Component:
  - component: {fileID: 5721419993154609927}
  m_Layer: 16
  m_Name: treeTest_A
  m_TagString: Untagged
  m_Icon: {fileID: 0}
  m_NavMeshLayer: 0
  m_StaticEditorFlags: 0
  m_IsActive: 1
--- !u!4 &5721419993154609927
Transform:
  m_ObjectHideFlags: 0
  m_CorrespondingSourceObject: {fileID: 0}
  m_PrefabInstance: {fileID: 0}
  m_PrefabAsset: {fileID: 0}
  m_GameObject: {fileID: 8736359800072999188}
  m_LocalRotation: {x: -0, y: 0.37760165, z: -0, w: 0.92596817}
  m_LocalPosition: {x: 0, y: 0, z: 0}
  m_LocalScale: {x: 2.939096, y: 2.939096, z: 2.939096}
  m_Children:
  - {fileID: 3051939142485901748}
  - {fileID: 8152898910023194468}
  m_Father: {fileID: 0}
  m_RootOrder: 0
  m_LocalEulerAnglesHint: {x: 0, y: 44.370003, z: 0}
--- !u!1001 &3119114848238525823
PrefabInstance:
  m_ObjectHideFlags: 0
  serializedVersion: 2
  m_Modification:
    m_TransformParent: {fileID: 3051939142485901748}
    m_Modifications:
    - target: {fileID: 1549098192179026, guid: 621ef847e7ae66f449b28db7c3e06b8c, type: 3}
      propertyPath: m_Name
      value: FallingLeavesGreen
      objectReference: {fileID: 0}
    - target: {fileID: 4266797993850704, guid: 621ef847e7ae66f449b28db7c3e06b8c, type: 3}
      propertyPath: m_LocalPosition.x
      value: 0
      objectReference: {fileID: 0}
    - target: {fileID: 4266797993850704, guid: 621ef847e7ae66f449b28db7c3e06b8c, type: 3}
      propertyPath: m_LocalPosition.y
      value: 0
      objectReference: {fileID: 0}
    - target: {fileID: 4266797993850704, guid: 621ef847e7ae66f449b28db7c3e06b8c, type: 3}
      propertyPath: m_LocalPosition.z
      value: 0
      objectReference: {fileID: 0}
    - target: {fileID: 4266797993850704, guid: 621ef847e7ae66f449b28db7c3e06b8c, type: 3}
      propertyPath: m_LocalRotation.x
      value: -0.7071068
      objectReference: {fileID: 0}
    - target: {fileID: 4266797993850704, guid: 621ef847e7ae66f449b28db7c3e06b8c, type: 3}
      propertyPath: m_LocalRotation.y
      value: 0
      objectReference: {fileID: 0}
    - target: {fileID: 4266797993850704, guid: 621ef847e7ae66f449b28db7c3e06b8c, type: 3}
      propertyPath: m_LocalRotation.z
      value: 0
      objectReference: {fileID: 0}
    - target: {fileID: 4266797993850704, guid: 621ef847e7ae66f449b28db7c3e06b8c, type: 3}
      propertyPath: m_LocalRotation.w
      value: 0.7071068
      objectReference: {fileID: 0}
    - target: {fileID: 4266797993850704, guid: 621ef847e7ae66f449b28db7c3e06b8c, type: 3}
      propertyPath: m_RootOrder
      value: 0
      objectReference: {fileID: 0}
    - target: {fileID: 4266797993850704, guid: 621ef847e7ae66f449b28db7c3e06b8c, type: 3}
      propertyPath: m_LocalEulerAnglesHint.x
      value: -90
      objectReference: {fileID: 0}
    - target: {fileID: 4266797993850704, guid: 621ef847e7ae66f449b28db7c3e06b8c, type: 3}
      propertyPath: m_LocalEulerAnglesHint.y
      value: 0
      objectReference: {fileID: 0}
    - target: {fileID: 4266797993850704, guid: 621ef847e7ae66f449b28db7c3e06b8c, type: 3}
      propertyPath: m_LocalEulerAnglesHint.z
      value: 0
      objectReference: {fileID: 0}
    - target: {fileID: 4266797993850704, guid: 621ef847e7ae66f449b28db7c3e06b8c, type: 3}
      propertyPath: m_LocalScale.x
      value: 1.5
      objectReference: {fileID: 0}
    - target: {fileID: 4266797993850704, guid: 621ef847e7ae66f449b28db7c3e06b8c, type: 3}
      propertyPath: m_LocalScale.y
      value: 1.5
      objectReference: {fileID: 0}
    - target: {fileID: 4266797993850704, guid: 621ef847e7ae66f449b28db7c3e06b8c, type: 3}
      propertyPath: m_LocalScale.z
      value: 1.5
      objectReference: {fileID: 0}
    m_RemovedComponents: []
  m_SourcePrefab: {fileID: 100100000, guid: 621ef847e7ae66f449b28db7c3e06b8c, type: 3}
--- !u!4 &3118314812554553903 stripped
Transform:
  m_CorrespondingSourceObject: {fileID: 4266797993850704, guid: 621ef847e7ae66f449b28db7c3e06b8c,
    type: 3}
  m_PrefabInstance: {fileID: 3119114848238525823}
  m_PrefabAsset: {fileID: 0}
